1559 2387
594 104 782 135 AENEIDOS
801 107 884 135 LIB.
902 107 933 135 1.

146 204 403 255 Collectasque
420 203 530 255 fugat
547 204 665 243 nubes
696 205 884 256 solemque
901 204 1059 243 reducit.

146 257 360 309 Cymothoe
381 257 493 295 simul
511 259 550 295 et
567 257 700 295 Triton
719 258 875 296 adnixus
894 260 1005 296 acuto

145 310 369 348 Detrudunt
386 323 500 348 naves
519 310 681 360 scopulo.
739 310 864 348 Levat
882 309 963 359 ipse
982 309 1151 353 tridenti,

146 362 203 401 Et
221 365 347 401 vastas
366 363 485 413 aperit
504 365 638 413 syrtes,
657 365 696 400 et
713 364 902 413 temperat
921 376 1069 413 aequor3

146 416 387 466 Atque⁴rotis
406 429 571 453 summas
588 415 732 453 levibus
750 416 956 466 perlabitur
973 415 1104 453 undas.

146 468 205 506 Ae
223 469 342 506 veluti
359 482 497 519 magno
516 469 556 505 'm
574 468 711 528 populo
731 482 847 518 quum
866 481 962 519 saepe
981 470 1110 506 coorta
1128 469 1186 506 est

146 520 301 568 Seditio,
320 521 499 571 saevitque
518 521 651 558 animis
669 521 833 571 ignobile
850 521 994 571 vulgus
1000 537 1009 567 3

147 572 310 624 Jamque
328 574 426 611 faces
445 576 484 611 et
503 587 590 611 saxa
608 573 752 617 volant,
786 574 890 610 fiu'or
909 586 1012 610 arma
1028 573 1243 611 ministrat:

147 624 258 673 Tum,
276 626 418 676 pietate
436 639 589 676 gravem
607 639 650 663 ac
668 626 811 663 meritis
831 626 862 662 si
880 626 977 663 forte
994 626 1119 676 virum
1137 639 1248 677 quem

148 677 391 728 Conspexere,
410 678 533 725 silent,
553 678 778 728 arrectisque
797 678 948 716 auribus
967 679 1142 726 adstant3

146 729 218 767 Ille
245 731 344 781 regit
366 731 477 778 dictis
497 730 640 768 animos
671 732 711 768 et
728 732 881 780 pectora
898 743 937 767 m
980 745 1019 768 ce
1045 745 1069 769 τ
1083 758 1130 777 χ

145 782 208 820 Sic
226 778 384 821 effnctus
403 784 526 833 pelagi
545 783 680 820 cecidit
698 783 834 833 fragor,
860 777 1009 833 aequora
1026 786 1227 834 postquam

146 834 381 886 Prospiciens
400 836 550 886 genitor
581 836 746 885 coeloque
765 836 935 873 invectus
955 838 1085 886 aperto

146 887 289 926 Flectit
307 901 420 938 equos
451 901 633 938 curruque
651 889 780 928 volans
799 888 865 926 dat
883 889 963 929 lora
981 889 1155 928 secundo.

198 940 347 978 Defessi
365 941 554 989 AEneadae,
574 954 656 991 quae
673 941 843 991 proxima
859 940 984 985 litora3
1003 955 1115 980 cursu

146 993 394 1031 Contendunt
411 996 549 1044 petere,
569 996 608 1031 et
626 994 755 1044 Libyae
773 995 976 1031 vertuntur
995 994 1042 1032 ad
1060 1008 1156 1033 oras.

145 1046 221 1084 Est
239 1046 278 1083 in
297 1059 442 1084 secessu
459 1047 574 1097 longo
592 1047 694 1084 locus
709 1063 717 1093 3
744 1047 867 1084 insula
883 1049 1037 1097 portum

146 1098 276 1136 Efficit
295 1099 445 1149 objectu
461 1099 633 1146 laterum,
653 1099 786 1149 quibus
806 1099 927 1137 omnis
946 1100 992 1137 ab
1012 1100 1089 1137 alto

147 1151 355 1201 Frangitur
372 1152 485 1201 inque
504 1152 606 1189 sinus
625 1152 762 1189 scindit
782 1165 860 1190 sese
877 1152 979 1189 unda
996 1142 1218 1190 reductos!

110 1190 252 1241 ¹⁵<Hinc
271 1205 383 1253 atque
401 1205 491 1242 hine
508 1206 625 1241 vastae
643 1218 753 1254 rupes
772 1204 987 1255 geminique
1006 1205 1202 1243 minantur

147 1255 197 1293 In
216 1256 352 1294 coelum
371 1256 525 1306 scOpuli,
546 1270 705 1307 quorum
724 1258 793 1294 sub
812 1257 951 1295 vertice
970 1257 1046 1295 late

147 1308 316 1359 AEquora
332 1311 420 1347 tuta
438 1309 549 1350 silent
563 1326 571 1356 ;
598 1311 684 1346 tum
703 1310 805 1347 silvis
825 1323 935 1347 scena
953 1310 1115 1348 coruscis

147 1360 319 1411 Desuper
337 1362 579 1412 horrentique
598 1364 723 1399 atrum
741 1376 873 1400 nemus
891 1362 1066 1400 imminet
1084 1361 1229 1401 umbra.

148 1413 293 1460 Fronte
311 1414 381 1452 sub
400 1415 554 1452 adversa
572 1415 732 1464 scopulis
751 1415 1001 1464 pendentibus
1019 1417 1193 1463 antrum3

148 1459 262 1504 Iffis
281 1480 385 1517 aquae
404 1467 528 1505 dulces
559 1467 718 1516 vivoque
737 1458 985 1514 sediliffim,

147 1519 416 1569 Nympharum
435 1520 579 1557 domus.
637 1519 715 1556 Hic
732 1520 846 1557 fessas
864 1533 940 1557 non
957 1520 1109 1558 vincula
1125 1533 1237 1560 naves

147 1571 239 1609 Ulla
255 1574 411 1620 tenent3
438 1585 535 1618 un-,Qo
554 1585 630 1610 non
649 1572 779 1622 alligat
798 1584 932 1610 ancora
949 1586 1088 1611 morsu.
1102 1594 1139 1617 s

148 1623 247 1668 Huc
259 1626 403 1674 septem
422 1624 560 1662 AEneas
579 1624 743 1662 collectis
762 1625 918 1662 navibus
937 1626 1040 1662 omni

148 1675 211 1714 Ex
228 1690 384 1714 numero
403 1677 504 1715 subit
519 1693 527 1724 ;
555 1690 597 1714 ac
627 1690 765 1726 magno
783 1677 928 1714 telluris
947 1690 1072 1716 amore

148 1728 304 1779 Egressi
334 1731 466 1778 optata
482 1729 683 1779 potiuntur
701 1729 818 1767 Troes
838 1743 959 1776 arena,

149 1781 205 1819 Et
224 1781 299 1819 sale
315 1778 488 1818 tabe‘ntes
507 1783 610 1819 artus
629 1781 669 1818 in
686 1781 805 1819 latore
822 1783 982 1831 ponunt.

149 1834 207 1871 Ae
224 1834 390 1884 primum
408 1834 502 1871 siliei
520 1833 724 1871 scintillam
742 1834 893 1872 excudit
912 1834 1078 1873 Achates

149 1886 395 1936 Suscepitque
412 1886 540 1936 ignem
558 1886 801 1936 foliis‚0‘1„tque
820 1887 923 1924 arida
940 1887 1082 1925 circum

149 1939 399 1976 Nutrimenta
417 1939 520 1976 dedit
550 1939 749 1988 rapuitque
767 1939 808 1975 in
825 1939 958 1977 fomite
975 1939 1180 1977 flammam.

150 1991 251 2029 Tum
270 1990 442 2028 Cererem
460 1993 675 2040 corruptam
692 1991 803 2028 undis
822 1990 1060 2041 Cerealiaque
1078 2004 1182 2030 arma

149 2043 370 2093 Expediunt
399 2044 486 2080 fessi
503 2056 649 2090 rerum3
676 2043 876 2093 frugesque
893 2046 1062 2094 receptas

149 2095 209 2133 Er
223 2098 366 2133 torrere
384 2097 519 2145 parant
536 2095 698 2133 fiammis
717 2098 756 2133 et
773 2096 945 2147 frangere
963 2109 1064 2134 saxo.

202 2148 342 2186 AEneas
361 2148 555 2198 scopulum
572 2147 717 2186 interea
734 2149 951 2187 conscendit·
981 2150 1021 2186 et
1039 2160 1191 2187 omnem

150 2200 400 2258 Progpectum
417 2200 495 2238 late
512 2200 644 2251 pelago
663 2200 773 2250 petit,
792 2201 947 2240 Anthea
965 2202 997 2238 si
1014 2214 1127 2252 quem

150 2253 179 2291 J
180 2254 351 2293 actatum
367 2254 483 2292 vento
501 2252 629 2292 videat
659 2249 920 2306 Phrygiasque
937 2254 1110 2304 biremes,

1324 310 1399 349 145

1326 574 1403 611 150

1327 838 1402 875 155

1329 1101 1405 1138 160

1329 1364 1404 1402 165

1329 1625 1406 1665 170

1328 1886 1405 1926 175

1330 2147 1406 2188 180
