1559 2387
556 86 744 119 nmmos
762 86 846 116 mB.
864 88 923 115 VI.

115 187 284 237 Vmcere,
302 204 370 229 nec
388 190 485 229 duro
502 191 644 242 poteris
663 190 996 229 convellere-ferro.

113 243 303 282 Praeterea
313 245 417 294 jacet
434 244 649 282 exanimum
666 244 739 282 tibi
757 257 891 293 corpus
910 241 1078 280 amici-

113 296 205 345 Heu
215 297 590 347 nescisI—totamque
607 297 771 334 incestat
788 296 919 333 funere
937 295 1104 340 classem,

112 348 218 386 Dum
237 350 409 386 consulta
426 349 524 400 petis
543 351 758 402 .DQ§1?1‚'051U<÷
776 349 814 385 in
834 348 962 385 limine
980 347 1130 397 pendes,

112 401 271 439 Sedibus
289 402 391 439 hune
409 392 610 454 ipsesassnte
629 402 717 448 suis,
737 403 776 438 et
795 401 911 438 conde
930 399 1110 450 sepulcro.

111 453 199 491 Duc
217 454 344 504 nigras
363 455 544 507 PQQJAEQQ
572 467 615 492 ea
632 454 754 504 prima
770 453 917 503 piacula
935 454 1059 503 sunto.

111 505 173 543 Sic
192 507 345 543 demum
363 507 467 544 lucos
495 506 642 556 Stygis,
671 519 790 556 regna
807 506 909 542 invia
926 505 1020 542 vivis

114 558 322 608 Aspicies.’'
379 559 501 604 Dixit,
520 572 720 608 pressoque
739 558 934 596 obmutuit
952 562 1080 602 omh³
1099 559 1103 567 ⁴

163 611 303 648 AEneas
322 613 454 648 maesto
473 612 616 648 defixus
634 611 778 648 lumina
797 608 909 647 Vultu

115 662 346 713 Ingreditur,
365 663 538 714 linquens
557 665 722 709 antrum,
761 675 954 712 caecosque
972 660 1123 700 volutat

113 715 286 753 Eventus
306 715 430 753 animo
450 729 588 754 secum.
644 715 716 753 Oui
734 716 831 752 fidus
851 715 1017 752 Achates

112 768 155 805 It
173 780 308 815 comes,
327 770 366 805 et
384 768 536 818 paribus
555 768 653 806 curis
672 767 834 817 vestigia
852 767 948 817 figit.

113 819 245 858 Multa
261 820 362 858 inter
380 833 459 858 sese
476 821 580 858 vario
600 833 769 858 sermone
788 820 973 865 serebant,
997 823 1030 857 1⁴2²v
1052 834 1053 837 ¹
1079 840 1082 847 ν

112 872 234 918 Quem
255 873 398 911 socium
418 873 627 910 exanimem
641 865 763 918 ἶπες,
783 872 884 922 quod
903 884 1038 921 corpus
1056 869 1293 909 humandum

113 925 278 962 Diceret.
334 926 462 975 Atque
480 925 535 962 illi
555 925 747 963 Misenum
766 925 805 961 in
824 925 933 962 litore
952 924 1061 970 sicco,

113 977 171 1014 Ut
189 990 333 1024 venere,
351 977 483 1014 vident
500 978 657 1028 indigna
674 979 796 1015 morte
815 978 1093 1027 peremtum,—

113 1029 308 1067 Misenum
326 1030 513 1073 AEoliden‚
552 1043 627 1079 quo
645 1044 721 1067 non
740 1029 985 1080 praestantior
1003 1030 1099 1066 alter

114 1081 204 1119 AEre
222 1081 447 1129 c—ieLeviros,
467 1082 709 1132 Martemque
728 1082 926 1119 accendere
945 1083 1072 1119 cantu.

114 1133 293 1172 Hectoris
311 1134 373 1172 hie
391 1135 519 1184 magni
538 1135 662 1171 suerat
681 1147 804 1172 comes
819 1151 826 1181 ;
855 1134 1026 1172 Hectora
1044 1134 1185 1171 circum

113 1186 168 1223 Et
186 1186 284 1224 lituo
302 1200 447 1236 pugnas
466 1186 625 1236 insignis
644 1187 830 1233 ontftset
849 1187 969 1223 hasta.
1172 1184 1178 1198 ¹

115 1238 324 1288 Pthuam
343 1239 453 1275 illum
472 1239 552 1276 vita
570 1240 690 1276 Victor
710 1238 883 1288 spoliavit
902 1238 1082 1286 Achilles,

113 1291 306 1328 Dardanio
325 1291 457 1329 AEneae
478 1305 556 1329 sese
574 1292 801 1328 fortissimus
821 1291 929 1329 heros

112 1343 322 1381 Addiderat
341 1344 495 1390 socium,
515 1357 589 1381 non
609 1344 783 1381 inferiora
802 1347 966 1381 secutus.

113 1395 184 1432 Sed
204 1397 302 1442 tum,
321 1396 418 1433 forte
438 1409 527 1433 cava
545 1397 636 1432 dum
655 1398 830 1445 personat
850 1409 999 1445 aequora
1016 1394 1171 1439 concha,

113 1447 291 1494 Demens,
310 1450 349 1485 et
368 1451 484 1485 cantu
502 1451 613 1485 vocat
631 1449 669 1485 in
690 1448 894 1485 certamina
912 1448 1030 1494 divos,

113 1499 290 1537 AEmulus
309 1503 508 1550 exceptum
527 1501 674 1546 Triton,
694 1501 726 1538 si
745 1501 892 1538 credere
910 1500 1071 1550 dignum
1090 1501 1159 1544 est,

113 1551 222 1590 Inter
240 1566 329 1590 saxa
346 1553 469 1589 virum
490 1566 666 1602 spumosa
682 1553 918 1590 immerserat
936 1553 1049 1589 unda.

113 1604 218 1654 Ergo
238 1618 366 1642 omnes
387 1618 523 1654 magno
543 1606 684 1642 circum
704 1605 865 1642 clamore
883 1605 1107 1647 fremebant,

114 1656 307 1706 Praecipue
326 1658 410 1706 pius
430 1657 581 1707 AEneas,
638 1658 736 1694 Tum
751 1658 857 1707 jussa
876 1657 1038 1706 Sibyllae,

114 1708 232 1745 Haud
252 1722 367 1752 mora,
386 1708 569 1746 festinant
587 1710 731 1755 flentes,
752 1722 927 1758 aramque
946 1707 1106 1758 sepulcri

114 1760 322 1811 Congerere
342 1761 535 1798 arboribus
567 1761 732 1811 coeloque
752 1762 905 1798 educere
925 1762 1084 1799 certant.

115 1812 202 1849 Itur
220 1814 258 1849 in
279 1814 472 1862 antiquam
493 1813 637 1859 silvam,
658 1814 807 1850 stabula
825 1814 903 1850 alta
919 1814 1083 1851 ferarum
1099 1827 1107 1849 ε

114 1864 378 1903 Procumbunt
396 1866 530 1914 piceae3
559 1868 669 1902 sonat
687 1866 764 1903 icta
783 1865 974 1902 securibus
993 1865 1065 1915 ilex
1081 1881 1088 1911 ;

113 1916 384 1965 Fraxine—eque
402 1906 528 1955 ‘affines
548 1919 674 1955 cuneis
693 1920 732 1955 et
751 1918 863 1954 fissile
880 1918 995 1954 robur

114 1969 331 2012 Scinditur3
361 1970 569 2007 advolvunt
587 1971 761 2019 ingentes
775 1970 975 2007 montibus
996 1982 1119 2007 ornos.

113 2021 153 2058 N
155 2034 196 2058 cc
214 2035 290 2058 non
309 2022 448 2059 AEneas
468 2035 579 2071 opera
595 2022 697 2060 inter
713 2022 807 2060 talia
824 2023 968 2072 primus
1104 2064 1110 2068 ,

113 2072 308 2111 Hortatur
325 2074 455 2120 socios,
474 2075 702 2124 paribusque
721 2074 933 2124 accingitur
951 2073 1074 2112 armis.

115 2125 243 2175 Atque
259 2126 339 2163 haec
357 2126 438 2175 ipse
455 2139 524 2163 suo
541 2126 647 2163 tristi
664 2139 751 2163 cum
770 2127 880 2164 corde
898 2127 1059 2171 volutat,

114 2177 324 2226 Aspectans
341 2178 476 2216 silvam
493 2178 729 2226 immensam,
747 2180 788 2216 et
806 2179 859 2215 sic
873 2179 974 2215 forte
985 2175 1161 2227 precatur
1176 2188 1186 2214 :

112 2231 136 2250 “
147 2228 193 2267 Si
206 2241 312 2269 nunc
326 2242 368 2269 se
383 2229 494 2269 nobis
510 2230 575 2269 ifle
590 2242 728 2269 aureus
744 2229 877 2281 arbore
891 2241 1023 2268 ramus

1292 295 1370 332 150

1295 557 1370 594 155

1296 820 1373 856 160

1296 1081 1372 1118 165

1296 1340 1372 1379 170

1295 1602 1370 1640 175

1298 1864 1372 1901 180
