1559 2387
546 92 732 126 AENEIDOS
751 93 833 121 LIB.
853 92 920 121 111.

106 187 279 235 Vellitur,
298 186 386 226 huic
404 188 486 226 atro
504 186 702 238 liquuntur
720 186 902 237 sanguine
920 186 1045 237 guttae

105 241 161 278 Et
178 243 318 279 terram
336 241 426 279 tabo
444 241 648 278 maculant.
703 240 804 276 Mihi
822 240 980 290 frigidus
998 239 1132 276 horror

104 293 281 331 Membra
299 294 435 343 quatit,
454 293 673 343 gelidusque
691 292 768 330 coit
786 292 985 329 formidine
1004 291 1168 343 sanguis.
1309 289 1363 327 30

105 345 253 383 Rursus
271 348 310 383 et
329 346 482 383 alterius
499 346 647 383 lentum
665 345 870 382 convellere
889 344 1013 381 vimen

106 398 290 448 Insequor
319 400 359 436 et
377 411 505 436 causas
522 399 674 448 penitus
693 400 841 435 tentare
859 398 1020 434 latentes
1034 412 1043 443 ;

105 451 201 488 Ater
219 453 258 489 et
277 450 430 488 alterius
450 451 618 500 sequitur
636 451 681 488 de
700 450 838 487 cortice
857 449 1020 499 sanguis.

106 502 235 540 Multa
252 516 406 541 movens
425 503 549 540 animo
581 503 784 552 Nymphas
803 503 1006 539 venerabar
1024 501 1191 550 agrestes

88 555 387 605 *Gradivumque
405 555 715 606 patrem‚Getic-is
734 555 798 605 qui
816 554 993 603 praesidet
1013 553 1122 601 arvis,
1310 553 1362 589 35

106 607 197 645 Rite
216 608 462 646 secundarent
480 609 582 645 visus
613 620 795 656 omenque
814 608 993 644 levarent.

105 660 235 698 Tertia
255 661 319 697 sed
338 663 538 710 postquam
557 661 695 710 majore
714 660 865 696 hastilia
884 659 968 696 nisu

105 712 317 763 Aggredior
347 713 578 762 genibusque
597 713 761 749 adversae
780 712 951 749 obluctor
970 722 1145 749 arenae-.-

105 765 281 813 Eloquar,
291 778 338 803 an
352 765 719 815 sileauw-gemitus
738 764 976 801 lacrimabilis
996 764 1072 800 imo

105 818 271 854 Auditur
290 818 449 864 tumulo,
468 820 507 854 et
526 831 597 854 vox
617 817 763 854 reddita
782 817 900 854 sertui·
919 817 967 853 ad
985 830 1112 853 aures:
1310 816 1362 851 40

105 873 114 889 ‘
128 870 226 916 Quid
246 870 434 915 miserum,
454 870 585 916 AEnea,
603 869 772 907 laceras?
796 869 875 919 jam
895 882 1003 918 parce
1022 868 1193 918 sepult03

105 922 221 960 Parce
239 923 318 972 pias
337 923 512 960 scelerare
532 935 676 959 manus,
732 921 823 958 Non
842 935 902 958 me
920 921 992 958 tibi
1013 921 1127 969 Troja

104 974 318 1012 Externum
337 976 441 1022 tulit,
477 977 543 1012 aut
563 988 671 1012 cruor
689 974 751 1011 hic
770 975 815 1011 de
834 973 964 1023 stipite
983 977 1124 1010 manat.

105 1027 215 1065 Heu!
244 1028 332 1077 fuge
351 1028 516 1065 crudeles
534 1030 665 1073 terras,
684 1027 772 1077 fuge
790 1027 882 1063 litus
901 1039 1066 1063 avarum.

103 1079 206 1117 Nam
225 1080 434 1130 Polydorus
453 1094 534 1130 ego.
589 1080 668 1117 Hic
687 1080 875 1117 confixum
894 1079 1012 1116 ferrea
1029 1077 1127 1116 texit
1310 1078 1361 1114 45

103 1132 282 1170 Telorum
301 1146 405 1183 seges
437 1135 475 1170 et
489 1132 623 1183 jaculis
641 1132 800 1169 increvit
819 1132 963 1168 acutis.’

104 1184 202 1222 Tum
221 1199 308 1223 vero
328 1185 482 1235 ancipiti
501 1187 667 1222 mentem
686 1184 883 1222 formidine
902 1197 1049 1233 pressus

104 1237 304 1287 Obstupui,
325 1240 587 1287 steteruntque
605 1251 722 1274 comae
755 1239 794 1274 ct
812 1250 884 1273 vox
903 1236 1070 1273 faucibus
1089 1234 1215 1272 haesit.

156 1293 176 1309 “
190 1290 307 1327 Hunc
328 1290 558 1340 Polydorum
578 1291 657 1326 auri
677 1290 866 1339 quondam
884 1302 971 1326 cum
988 1288 1150 1338 pondere
1170 1300 1307 1338 magno

103 1342 240 1380 Infelix
262 1343 433 1380 Priamus
453 1343 586 1380 furtim
605 1343 802 1379 mandarat
821 1341 997 1378 alendum
1310 1341 1360 1376 50

103 1394 280 1432 Threicio
299 1395 390 1445 regi,
411 1409 526 1445 quum
540 1396 621 1445 jam
640 1395 824 1431 diffideret
843 1394 956 1431 armis

104 1446 319 1494 Dardaniae,
339 1448 512 1498 cingique
531 1448 663 1485 urbem
682 1447 873 1484 obsidione
892 1446 1047 1483 videret.

104 1499 187 1546 Ille,
208 1503 252 1538 ut
271 1514 358 1550 opes
377 1501 507 1537 fractae
528 1501 726 1546 Teucrum,
747 1502 785 1537 et
804 1500 958 1536 fortuna
975 1498 1139 1545 recessit,

103 1551 179 1589 Res
199 1553 515 1602 Agamemnonias
535 1553 776 1602 victriciaque
795 1565 898 1588 arma
917 1553 1066 1588 secutus

105 1604 177 1641 Fas
196 1618 306 1642 omne
324 1606 526 1655 abrumpit,
545 1605 777 1654 Polydorum
796 1605 1009 1649 obtruncat,
1030 1605 1068 1640 et
1088 1616 1178 1641 auro
1309 1604 1359 1639 50

109 1657 152 1693 Vi
171 1658 327 1707 potitur.
385 1658 485 1704 Quid
503 1671 579 1694 non
598 1657 774 1694 mortalia
790 1659 943 1706 pectora
961 1656 1074 1705 cogis,

103 1710 198 1746 Auri
217 1723 320 1747 sacra
337 1710 473 1748 sames!
530 1710 738 1759 Postquam
756 1722 873 1758 pavor
893 1721 976 1746 ossa
994 1707 1158 1757 reliquit,

103 1761 279 1800 Delectos
297 1763 426 1812 populi
445 1763 491 1799 ad
509 1776 677 1812 proceres
709 1763 945 1811 primumque
964 1764 1156 1810 parentem

103 1814 280 1852 Monstra
298 1815 409 1852 deum
427 1816 556 1861 refero,
576 1817 614 1852 et
634 1827 718 1864 quae
737 1814 787 1851 sit
807 1814 995 1850 sententia
1024 1826 1147 1862 posco.

103 1867 287 1905 Omnibus
306 1868 406 1904 idem
425 1868 570 1904 animus
591 1868 768 1904 scelerata
787 1867 960 1903 excedere
978 1868 1090 1912 terra,
1309 1866 1358 1902 60

103 1919 242 1969 Linqui
260 1920 447 1970 pollutum
466 1920 684 1968 hosfiitium,
704 1921 743 1956 et
762 1919 848 1956 dare
867 1919 1046 1955 classibus
1066 1919 1226 1956 austros.

103 1971 208 2021 Ergo
228 1973 479 2010 instauramus
499 1972 688 2022 Polydoro
707 1972 829 2017 funus,
849 1973 888 2008 et
906 1971 1038 2021 ingens

103 2025 311 2074 Aggeritur
329 2025 477 2062 tumulo
496 2025 630 2070 tellus;
659 2026 763 2062 stant
782 2024 954 2060 manibus
974 2035 1048 2060 arae

103 2076 282 2114 Caeruleis
300 2079 448 2114 maestae
467 2076 576 2114 vittis
595 2079 749 2126 atraque
768 2089 952 2125 cupresso,

103 2129 158 2166 Et
177 2129 316 2167 circum
335 2129 473 2167 Iliades
492 2129 631 2166 crinem
651 2129 696 2166 de
714 2142 816 2166 more
835 2129 991 2166 solutae:
1307 2128 1356 2164 65

104 2180 305 2218 Inserimus
324 2182 452 2232 tepido
472 2181 687 2231 spumantia
704 2181 853 2232 cymbia
869 2181 967 2218 lacte

103 2233 303 2286 Sanguinis
322 2236 362 2273 et
380 2234 475 2273 sacri
492 2236 653 2287 pateras,
691 2234 929 2285 animamque
948 2231 1116 2284 sepulcro
