1559 2387
591 53 778 99 AEN‘EIDOS
798 54 880 82 ΠΒ.
900 54 957 83 VI.

196 145 295 185 Haec
312 147 379 186 ubi
396 147 500 186 dicta
516 147 621 186 dedit
639 147 776 186 Phoebi
793 147 965 199 longaeva
981 147 1172 186 sacerdos:

145 202 166 220 “
178 200 252 238 Sed
264 201 346 251 jam
363 214 443 251 age,
463 214 571 251 carpe
589 200 688 238 viam
719 203 759 238 et
778 203 994 251 susceptum
1012 201 1147 251 perfice
1165 213 1302 239 munus
1317 217 1325 247 ;

144 253 442 300 Acceleremus,”
464 254 538 292 ait:
568 255 589 273 “
603 252 811 303 Cyclopum
830 254 966 304 educta
983 253 1138 291 caminis

145 305 292 343 Moenia
309 306 495 356 conspicio
526 308 638 355 atque
658 306 812 343 adverso
831 305 970 343 fornice
988 308 1128 356 portas,

145 359 240 396 Haec
259 359 324 396 ubi
342 372 410 396 nos
429 361 613 408 praecepta
626 359 763 409 jubent
783 359 965 408 deponere
985 359 1121 396 dona.’'

145 412 314 457 Dixerat,
335 414 374 448 et
393 412 532 461 pariter
549 411 667 461 gressi
685 424 750 461 per
769 424 884 460 opaca
901 411 1048 449 viarum

146 464 364 513 Corripiunt
384 464 548 513 spatium
567 464 745 510 medium,
764 464 979 513 foribusque
997 462 1264 514 propinquant.

146 517 316 566 Occupat
334 517 472 553 AEneas
491 517 648 563 aditum,
669 529 876 566 corpusque
894 517 1037 554 recenti

145 569 299 619 Spargit
317 582 423 618 aqua,
443 582 662 618 ramumque
682 569 836 607 adverso
855 569 895 606 in
913 569 1043 607 limine
1061 569 1159 620 figit.

197 621 273 660 Eis
293 622 445 658 demum
464 622 615 668 exactis,
634 622 798 671 perfecto
818 634 971 659 munere
990 622 1098 669 divae‚

145 673 340 712 Devenere
358 674 458 711 locos
476 675 586 711 laetos
617 677 656 711 et
675 687 824 712 amoena
840 674 963 712 vireta

145 726 446 765 Fortunatorum
463 740 660 764 nemorum
692 727 868 776 sedesque
888 727 1028 764 beatas.

145 776 306 828 Largior
322 779 384 816 hic
403 792 553 828 campos
572 779 690 816 aether
709 781 748 816 et
766 779 908 816 lumine
926 779 1045 817 vestit

146 829 352 880 Purpureo,
372 831 560 880 solemque
579 845 700 877 suum,
721 844 788 869 sua
806 832 927 869 sidera
944 833 1097 869 noiunt.

145 882 267 921 Pars
257 897 298 920 m
315 884 517 934 gramineis
536 862 708 921 exercent
727 884 896 922 membra
913 884 1111 934 palaestris,

145 935 393 974 Contendunt
411 937 500 974 ludo
531 938 569 973 et
588 936 691 973 fulva
708 937 904 974 luctantur
922 949 963 973 ai
965 949 1055 983 ena

146 987 240 1026 Pars
258 989 414 1038 pedibus
432 989 618 1038 plaudunt
637 989 789 1026 choreas
820 991 859 1026 et
878 989 1044 1027 carmina
1061 989 1205 1028 dicunt.

145 1040 230 1078 Nec
247 1054 324 1078 non
343 1041 538 1079 Threicius
556 1041 670 1091 longa
688 1054 773 1079 cum
794 1043 899 1079 veste
917 1042 1088 1080 sacerdos

146 1092 377 1142 Obloquitur
394 1094 559 1131 numeris
577 1096 722 1144 septem
741 1093 957 1131 discrimina
973 1107 1123 1139 vocum,

145 1144 311 1195 Jamque
330 1146 459 1183 eadem
477 1146 618 1196 digitis,
633 1147 713 1196 jam
730 1146 879 1197 pectine
897 1146 1024 1196 pulsat
1042 1147 1194 1184 eburno.

145 1198 225 1236 Hic
243 1211 362 1248 genus
381 1199 580 1248 antiquum
599 1198 744 1245 Teucri,
764 1199 1014 1249 pulcherrima
1032 1199 1166 1249 proles,

146 1249 387 1301 Magnanimi
405 1251 549 1297 heroes,
569 1251 651 1288 nati
668 1251 886 1289 melioribus
904 1252 1024 1297 annis,

147 1302 302 1352 Ilusque
332 1304 610 1352 Assaracusque
641 1306 680 1341 et
699 1304 824 1354 Trojae
844 1303 1044 1341 Dardanus
1063 1305 1206 1342 auctor.

146 1356 267 1393 Arma
283 1356 413 1405 procul
431 1369 633 1405 currusque
652 1356 775 1393 virum
794 1356 955 1394 miratur
972 1356 1113 1395 inanes.

146 1408 262 1446 Stant
279 1411 381 1446 terra
399 1408 530 1446 defixae
548 1408 678 1454 hastae,
697 1409 910 1458 passimque
928 1409 1044 1447 soluti

146 1460 222 1499 Per
240 1473 390 1511 campos
408 1463 615 1510 pascuntur
633 1462 729 1510 equi.
785 1461 880 1507 Quae
899 1461 1024 1511 gratia
1042 1473 1219 1500 curruum

147 1513 424 1562 Armorumque
441 1513 515 1550 fuit
533 1513 640 1559 vivis,
661 1527 745 1562 quae
765 1527 854 1551 cura
872 1514 1038 1551 nitentes

147 1564 305 1603 Pascere
323 1578 449 1615 equOS,
468 1565 596 1603 eadem
616 1566 786 1615 sequitur
803 1566 938 1604 tellure
955 1568 1138 1616 repostos.

147 1617 342 1667 Conspicit
360 1631 444 1655 ecce
462 1618 554 1656 alios
573 1618 706 1656 dextra
722 1618 889 1668 laevaque
906 1631 973 1668 per
990 1618 1147 1656 herbam

146 1669 351 1707 Vescentes
380 1670 584 1720 laetumque
602 1670 716 1707 choro
736 1670 878 1707 Paeana
895 1673 1083 1717 canentes,

147 1721 258 1760 Inter
275 1722 474 1760 odoratum
491 1722 586 1759 lauri
603 1735 750 1769 nemus,
785 1723 885 1760 unde
903 1736 1061 1773 superne

147 1774 340 1812 Plurimus
359 1774 516 1821 Eridani
534 1788 600 1824 per
618 1774 751 1812 silvam
769 1774 937 1812 volvitur
956 1775 1089 1813 amnis.

147 1826 228 1865 Hic
245 1839 379 1864 manus
410 1827 458 1864 ob
475 1827 637 1876 patriam
655 1827 860 1877 pugnando
877 1827 1033 1865 vulnera
1050 1826 1162 1877 passi,

147 1879 294 1929 Quique
313 1879 522 1917 sacerdotes
541 1879 647 1925 casti,
666 1879 757 1916 dum
774 1879 856 1917 vita
873 1880 1063 1928 manebat,

147 1931 295 1981 Quique
312 1931 366 1981 pii
383 1933 489 1969 vates
519 1933 559 1968 et
577 1931 723 1969 Phoebo
742 1931 858 1987 digna
873 1931 1006 1978 locuti,

147 1983 330 2021 Inventas
349 1985 416 2021 aut
434 1982 498 2032 qui
515 1983 635 2020 vitam
654 1962 850 2022 excoluere
862 1997 928 2034 per
946 1987 1058 2032 artes,

148 2035 294 2085 Quique
313 2036 372 2073 sui
389 2048 572 2073 memores
590 2035 682 2073 ahos
699 2036 818 2074 fecere
835 2037 1035 2075 melendo:

128 2117 133 2123 .
148 2087 334 2125 Omnibus
351 2088 411 2126 his
430 2088 539 2125 nivea
557 2088 764 2138 cinguntur
780 2091 953 2139 tempora
969 2089 1082 2127 vitta.

147 2139 252 2186 Quos
269 2140 512 2179 circumfusos
525 2140 578 2178 sic
590 2144 648 2179 est
659 2140 774 2179 affata
790 2140 882 2191 Siby
883 2141 944 2188 lla,
946 2163 998 2168 —

147 2191 347 2234 Musaeum
359 2194 450 2233 ante
466 2205 618 2241 omnes;
644 2192 813 2235 medium
829 2206 919 2234 nam
935 2193 1100 2246 plurima
1113 2190 1229 2233 turba

1329 254 1406 292 630

1330 516 1404 555 635

1333 780 1411 816 640

1333 1042 1408 1078 645

1332 1304 1411 1341 650

1332 1566 1410 1604 655

1332 1828 1412 1865 660

1333 2089 1410 2127 665
