1559 2387
547 77 736 105 AENEIDOS
756 77 837 105 LIB.
860 77 916 106 IV.

103 171 177 210 His
195 170 364 210 medium
382 172 493 210 dictis
512 185 723 211 sermonem
742 173 946 223 abrumpit,
966 174 1006 211 et
1024 185 1133 211 auras

100 224 222 275 AEgra
237 225 351 275 fugit,
370 238 482 274 seque
502 239 547 263 ex
565 226 681 263 oeulis
701 227 840 263 avertit
859 230 898 263 et
917 226 1052 272 aufert,

100 276 295 326 Linquens
313 278 437 314 multa
455 280 561 315 metu
581 281 825 315 cunctantem
843 281 883 315 et
901 279 1026 315 multa
1042 278 1239 328 parantem

101 329 247 367 Dicere.
304 331 523 380 Suscipiunt
542 331 703 377 famulae,
725 332 958 380 collapsaque
977 332 1146 368 membra

101 381 317 421 Marmoreo
336 383 504 420 referunt
522 383 690 420 thalamo
722 385 926 432 stratisque
944 388 1146 432 reponunt.

152 435 208 471 At
226 435 311 484 pius
331 435 480 482 AEneas,
502 449 730 484 quamquam
747 436 863 473 lenire
882 435 1072 473 dolentem

99 485 262 525 Solando
281 487 386 537 cupit
418 490 456 525 et
475 487 586 524 dictis
605 490 772 526 avertere
791 501 910 533 curas,

100 539 232 577 Multa
249 553 402 589 gemens
433 553 646 589 magnoque
665 541 834 577 animum
852 541 1059 578 labefactus
1078 553 1215 588 amore,

99 591 128 627 J
130 604 216 629 ussa
233 594 362 629 tamen
381 592 511 629 divum
531 593 748 642 exsequitur
780 594 1009 642 classemque
1028 594 1170 632 revisit.

100 644 201 681 Tum
220 658 308 682 vero
328 645 464 682 Teucri
483 645 711 682 incumbunt
742 648 781 682 et
800 646 910 683 litore
929 646 1044 682 celsas

98 696 307 734 Deducunt
325 699 409 734 toto
429 710 553 734 naves.
609 698 733 735 Natat
753 700 869 734 uncta
887 699 1033 742 carina;

99 748 408 798 Frondentesque
428 749 554 787 ferunt
574 763 695 787 remos
715 752 754 788 et
772 750 906 788 robora
924 750 1028 787 silvis

98 801 330 839 Infabricata
347 803 449 852 fugae
467 802 604 839 studio.

98 853 312 903 Migrantes
331 867 458 899 cernas
489 857 647 903 totaque
666 868 710 892 ex
730 855 823 903 urbe
841 857 1017 901 ruentes3

98 907 154 944 Ae
174 906 279 944 velut
298 907 493 956 ingentem
511 907 677 944 formicae
696 907 802 944 farris
821 921 997 955 acervum

98 958 227 1005 Quum
244 960 439 1009 populant,
458 960 592 996 hiemis
611 973 806 1006 memores,
824 963 1003 1009 tectoque
1021 963 1207 1010 reponunt
1224 977 1231 1000 :

98 1010 139 1048 It
157 1011 311 1061 nigrum
330 1012 469 1062 campis
489 1025 636 1062 agmen,
656 1013 979 1062 praedamque'per
997 1014 1132 1050 herbas

97 1062 335 1101 Convectant
354 1065 444 1102 calle
464 1067 648 1115 angust03
676 1078 760 1114 pars
780 1065 937 1115 grandia
954 1066 1117 1102 trudunt

97 1115 256 1153 Obnixae
274 1117 464 1154 frumenta
482 1117 670 1163 humeris3
698 1131 782 1167 pars
802 1117 954 1167 agmina
972 1122 1127 1167 coguut,

98 1167 372 1218 Castigantque
392 1183 535 1215 moras3
564 1183 672 1219 opere
692 1170 813 1206 omnis
833 1170 969 1207 semita
986 1171 1118 1208 servet.

97 1221 190 1266 Quis
209 1221 281 1258 tibi
299 1224 402 1268 tunc,
423 1222 535 1268 Dido,
555 1223 723 1259 cernenti
741 1222 834 1259 talia
852 1224 1003 1260 sensus!

97 1273 246 1319 Quosve
265 1274 378 1311 dabas
398 1275 575 1324 gemitus>
596 1288 712 1323 quum
732 1275 844 1312 litora
862 1275 1003 1312 fervere
1021 1275 1097 1312 late

97 1324 331 1376 Prospiccres
351 1340 432 1364 arce
452 1341 495 1364 ex
515 1340 673 1373 summa,
692 1330 895 1376 totumque
913 1328 1056 1365 videres

97 1377 251 1427 Misceri
268 1382 356 1416 ante
375 1380 501 1417 oeulos
521 1380 638 1416 tantis
659 1380 882 1416 clamoribus
901 1381 1049 1428 aequor!

97 1430 274 1481 Improbe
293 1445 408 1477 amor,
428 1433 518 1481 quid
537 1446 612 1469 non
631 1432 806 1469 mortalia
822 1435 975 1481 pectora
993 1432 1118 1482 cogis!

97 1483 159 1520 Ire
177 1484 316 1521 iterum
334 1485 374 1521 111
392 1485 574 1530 lacrimas,
592 1485 731 1522 iterum
750 1488 898 1522 tentare
917 1486 1103 1534 precando

96 1535 268 1586 Cogitur,
288 1539 327 1574 et
346 1537 501 1587 supplex
521 1537 663 1574 animos
683 1538 906 1574 submittere
925 1538 1055 1583 amori,

95 1588 158 1625 Ne
176 1589 268 1637 quid
284 1589 524 1638 inexpertum
543 1590 683 1626 frustra
702 1590 886 1626 moritura
904 1590 1106 1638 relinquat.

149 1643 169 1659 ‘⁶
182 1642 306 1687 Anna,
326 1642 429 1678 vides
448 1644 532 1678 toto
552 1642 741 1691 properari
759 1642 890 1679 litore:
920 1642 1063 1678 circum

97 1692 275 1741 Undique
295 1707 520 1740 convenere3
548 1696 658 1731 vocat
672 1695 752 1744 jam
771 1694 945 1731 carbasus
964 1707 1084 1739 auras,

96 1745 292 1795 Puppibus
313 1748 351 1782 et
370 1746 449 1782 l-aeti
467 1748 595 1782 nautae
614 1746 824 1795 imposuere
843 1759 1009 1783 coronas.

95 1797 214 1835 Hunc
233 1811 302 1848 ego
322 1798 353 1834 si
372 1798 481 1847 potui
499 1800 654 1835 tantum
673 1812 818 1848 sperare
837 1798 1015 1845 dolorem,

95 1850 152 1887 Et
169 1851 341 1899 perferre,
361 1864 474 1897 soror,
494 1853 637 1900 potero.
691 1851 845 1888 Miscrae
862 1851 934 1888 hoc
952 1853 1081 1888 tamen
1101 1863 1220 1888 unum

95 1902 321 1951 Exseqoere,
340 1904 463 1948 Anna,
484 1903 576 1939 1111111
591 1919 598 1949 ;
627 1903 744 1940 solam
762 1916 851 1940 nam
868 1904 1033 1954 perfidus
1050 1903 1113 1941 ille

95 1954 150 1992 'se
169 1955 298 2001 colere,
317 1968 469 1992 arcanos
489 1955 604 1992 etiam
622 1956 693 1992 tibi
713 1956 858 1993 eredere
877 1968 1030 2003 sensus;

95 2007 183 2044 Sola
199 2007 272 2044 viri
289 2007 421 2045 molles
440 2007 565 2044 aditus
585 2010 624 2045 et
642 2010 814 2057 tempora
831 2021 952 2046 noras.

95 2059 130 2105 I,
149 2072 263 2105 soror,
282 2062 396 2108 atque
413 2060 564 2097 hostem
583 2061 738 2109 supplex
757 2061 868 2098 affare
887 2060 1113 2110 superbum:

95 2111 188 2150 Non
205 2125 275 2161 ego
294 2125 381 2149 cum
400 2112 542 2149 Danais
562 2113 764 2162 'frojanam
783 2113 995 2150 exscindere
1014 2116 1167 2163 gentem

96 2164 234 2201 Aulide
245 2164 383 2213 juravi,
402 2165 604 2202 classemve
623 2165 670 2202 ad
689 2165 874 2215 Pergama
891 2166 988 2210 misi,

97 2214 179 2254 Nee
197 2217 314 2267 patris
333 2216 512 2255 Anchisae
530 2217 691 2255 cinerem
709 2230 884 2256 manesve
901 2217 1028 2256 revelli

1282 278 1361 316 390

1280 803 1359 840 400

1279 1065 1354 1101 405

1277 1328 1356 1363 410

1275 1852 1354 1888 420
