1559 2387
560 88 745 117 AENEIDOS
764 91 844 118 LIB.
865 91 901 120 Π

116 180 250 219 L1t0ra
266 181 440 221 litoribus
458 183 657 231 contraria,
675 183 854 224 fiuctibus
871 186 991 225 undas

118 232 320 282 Imprecor,
339 247 443 272 arma
460 236 595 283 armis3
622 240 795 287 pugnent
812 238 956 289 ipsique
974 242 1241 293 nepotesque.'’

169 285 267 322 Haeo
286 286 351 334 ait,
371 289 411 325 et
428 290 553 337 partes
572 289 737 326 animum
758 292 931 329 versabat
949 292 988 329 in
1007 307 1148 341 omnes,

117 336 287 376 Invisam
306 352 473 388 quaerens
492 354 604 390 quam
622 342 786 391 primum
805 344 1024 394 abrumpere
1041 346 1176 386 lucem.

116 389 218 427 Tum
234 391 400 429 breviter
418 392 564 430 Barcen
581 395 769 432 nutricem
788 396 902 433 affata
920 397 1077 447 Sychaei,

117 441 292 494 Namque
311 457 417 481 suam
434 446 558 495 patria
576 446 732 496 antiqua
750 447 842 485 cinis
862 451 943 487 ater
960 450 1146 492 habebat:

119 497 137 514 “
150 495 304 533 Annam
323 509 408 534 cara
424 497 518 535 mihi
536 499 667 536 nutrix
685 499 760 537 huc
779 500 871 538 siste
890 515 1076 550 sororem3

114 546 200 594 Dic,
219 561 353 598 corpus
371 552 546 599 properet
564 551 705 588 fluviali
724 565 897 603 spargere
914 554 1082 605 lympha,

115 598 170 636 Et
188 601 347 649 pecudes
366 615 492 639 secum
511 605 549 640 et
568 606 779 642 monstrata
796 606 942 654 piacula
960 608 1096 646 ducat:

115 651 176 689 Sic
194 653 344 700 veniat3
371 655 490 703 tuque
508 655 589 704 ipsa
606 656 668 705 pia
685 659 773 706 tege
792 661 963 708 tempora
980 660 1091 698 vitta.

114 704 227 741 Sacra
245 704 273 741 J
274 705 336 742 ovi
355 705 502 756 Stygio,
522 720 606 756 quae
625 708 697 746 rite
715 709 864 759 incepta
882 713 1021 760 paravi,

114 756 298 794 Perficere
315 760 374 795 est
392 760 550 806 animus,
570 760 756 810 finemque
775 762 965 811 imponere
984 766 1093 809 curis,

113 808 368 858 Dardaniique
386 824 522 860 rogum
541 812 674 861 capitis
692 814 911 863 permittere
930 817 1132 856 flammae.”

113 861 174 898 Sic
193 862 258 899 ait.
314 862 387 899 Illa
405 864 563 913 gradum
583 865 709 903 studio
729 866 914 904 celerabat
934 869 1036 906 anili.

113 914 168 950 At
186 914 334 964 trepida
352 917 391 952 et
410 916 543 965 coeptis
562 917 788 956 immanibus
809 920 919 957 effeia
937 921 1050 967 Dido,

113 965 367 1016 Sanguineam
386 968 539 1006 volvens
559 970 687 1016 aciem,
707 972 935 1021 maculisque
953 975 1160 1013 trementes

113 1018 305 1056 Interfusa
321 1033 447 1069 genas,
467 1024 506 1058 et
525 1022 664 1070 pallida
682 1026 804 1060 morte
824 1024 963 1071 futura,

113 1070 301 1108 Interiora
319 1073 452 1109 domus
470 1073 648 1123 irrumpit
666 1075 808 1122 limina,
828 1079 866 1113 et
886 1077 982 1114 altos

113 1122 341 1160 Conscendit
359 1124 561 1162 furibunda
578 1139 700 1176 rogos,
720 1141 919 1177 ensemque
938 1128 1097 1169 recludit

112 1174 359 1222 Dardanium,
378 1190 454 1213 non
472 1177 542 1214 hos
561 1180 762 1227 quaesitum
782 1194 918 1218 munus
936 1182 977 1218 in
995 1196 1097 1222 usus.

113 1226 190 1264 Hic
207 1231 410 1278 postquam
430 1229 564 1267 Iliacas
583 1234 706 1268 vestes
726 1234 933 1282 notumque
952 1235 1072 1273 cubile

112 1278 329 1329 Conspexit,
348 1281 503 1330 paulum
521 1282 683 1320 lacrimis
703 1286 742 1321 et
762 1288 888 1322 mente
907 1290 1065 1335 morata,

112 1331 366 1382 Incubuitque
384 1335 481 1380 toro,
501 1334 670 1384 dixitque
688 1337 892 1374 novissima
907 1339 1042 1376 verba:

111 1386 133 1403 “
147 1383 287 1422 Dulces
306 1385 458 1432 exuviae,
478 1387 569 1424 dum
587 1387 666 1424 fata
685 1389 848 1438 deusque
867 1390 1026 1440 sinebat,

111 1435 283 1486 Accipite
301 1436 398 1475 hanc
417 1439 592 1486 animam,
612 1453 744 1490 meque
762 1442 821 1478 his
840 1443 1020 1481 exsolvite
1040 1445 1149 1482 cui-is.

110 1487 211 1534 Vixi,
229 1490 281 1536 et,
300 1502 412 1539 quem
432 1491 585 1529 dederat
604 1506 754 1530 cursum
772 1494 936 1541 fortuna,
954 1498 1104 1548 peregi3

110 1540 167 1577 Et
185 1554 285 1578 nunc
302 1555 442 1592 magna
460 1544 534 1581 mei
553 1545 623 1581 sub
641 1547 759 1582 terras
778 1546 851 1583 ibit
870 1547 1008 1597 imago.

111 1592 257 1630 Urbem
273 1595 489 1643 praeclaram
507 1597 641 1642 statui,
674 1611 756 1634 mea
775 1599 913 1636 moenia
930 1601 1029 1648 vidi3

111 1644 208 1682 Ulta
224 1645 359 1693 virum,
378 1660 506 1696 poenas
525 1648 676 1686 inimico
696 1663 718 1686 a
735 1650 850 1687 fratre
868 1652 1011 1701 recepi:

111 1696 232 1744 Felix,
249 1697 325 1735 heu
343 1699 503 1737 nimium
521 1701 620 1746 felix,
640 1701 671 1737 si
690 1701 801 1738 litora
818 1704 973 1740 tantum

111 1749 321 1799 Nunquam
339 1750 540 1789 Dardaniae
557 1753 776 1802 tetigissent
794 1757 924 1792 nostra
942 1757 1078 1795 carinae
1091 1758 1126 1795 !”

111 1800 245 1839 Dixit:
274 1803 313 1839 et
332 1815 373 1840 os
391 1803 571 1853 impressa
588 1807 684 1850 toro,
705 1808 725 1825 “
739 1806 950 1845 Moriemur
967 1808 1120 1847 inultae!

111 1852 186 1891 Sed
203 1854 408 1893 moriamur
420 1856 455 1893 !”
486 1856 551 1893 ait.
607 1859 628 1876 “
641 1857 712 1904 Sic,
733 1858 784 1896 sic
798 1859 909 1908 juvat
926 1860 980 1898 ire
999 1862 1068 1899 sub
1086 1862 1249 1902 umbras.

112 1904 279 1943 Hauriat
296 1906 398 1945 hunc
417 1909 534 1946 oculis
551 1909 681 1958 ignem
700 1911 858 1948 crudelis
877 1912 924 1949 ab
943 1913 1021 1951 alto

111 1955 324 2005 Dardanus,
343 1961 383 1997 et
400 1962 542 1998 nostrae
563 1974 688 1998 secum
708 1963 803 1999 ferat
822 1964 949 2002 omina
966 1966 1140 2004 mortis.’'

163 2009 345 2049 Dixerat:
374 2014 488 2062 atque
505 2013 610 2051 illam
627 2014 751 2051 media
767 2014 868 2052 inter
886 2017 980 2054 talia
998 2018 1096 2056 ferro

112 2060 326 2112 Collapsam
344 2065 530 2113 aspiciunt
549 2066 718 2112 comites,
737 2079 936 2118 ensemque
955 2083 1085 2109 cruore

110 2112 367 2162 Spumantem
392 2129 610 2167 sparsasque
628 2130 774 2156 manus.
829 2119 871 2156 It
890 2121 1030 2160 clamor
1048 2122 1096 2161 ad
1114 2123 1193 2161 alta

111 2165 246 2212 Atria3
274 2179 492 2206 concussam
510 2169 716 2208 bacchatur
732 2171 832 2208 fama
848 2185 915 2221 per
933 2175 1075 2215 urbem.

112 2215 309 2258 Lamentis
339 2220 559 2275 gemituque
589 2224 628 2262 et
640 2222 805 2264 >femineo
822 2224 972 2267 ululatu

1293 297 1371 334 630

1293 559 1370 596 635

1294 820 1371 856 640

1293 1083 1370 1119 645

1292 1343 1371 1380 650

1292 1605 1368 1641 655

1292 1866 1370 1903 660

1291 2126 1369 2166 665
