1559 2387
571 85 760 116 AENEIDOS
778 86 861 114 LIB.
879 85 938 115 VI.

127 177 290 217 Lem'bat
308 178 420 218 dictis
438 178 616 225 animum,
635 177 881 228 lacrimasque
899 178 1035 230 ciebat.

125 231 201 269 Illa
217 231 296 270 solo
313 232 406 269 fixos
426 231 551 269 oculos
570 244 699 279 aversa
715 231 893 277 tenebat;

127 281 168 322 N
168 296 209 322 ec
226 284 348 334 magis
365 283 515 333 incepto
532 278 684 321 uultum
702 295 872 320 sermone
890 282 1077 328 movetur,
1310 281 1390 321 470

125 334 249 382 Quam
267 336 300 373 si
317 335 410 373 dura
428 335 519 373 silex
537 337 604 373 aut
622 337 700 373 stet
718 335 909 385 Marpesia
927 336 1068 372 cautes.

125 387 296 425 Tandem
314 387 494 437 corripuit
513 400 603 434 sese,
623 388 736 437 atque
754 387 906 435 inimica
922 386 1064 437 refugit

126 439 176 477 In
193 452 326 478 nemus
344 440 602 485 umbriferum,
642 439 776 489 conjux
795 440 861 476 ubi
879 439 1061 489 pristinus
1079 437 1136 477 illi

125 491 345 542 Respondet
364 492 472 539 curis,
494 492 692 541 aequatque
711 491 891 541 Sychaeus
911 504 1087 529 amorem.

124 543 166 582 N
167 556 208 582 ec
226 544 350 581 minus
369 543 519 590 AEneas,
539 556 626 581 casu
644 556 839 593 percussus
858 542 1000 593 iniquo,
1310 541 1389 581 475

124 594 372 646 Prosequitur
388 596 587 634 lacrimans
606 595 717 649 nge
748 598 788 633 et
806 595 1007 632 miseratur
1025 596 1191 633 euntem.

176 647 274 686 Inde
292 648 425 686 datum
442 647 599 695 molitur
617 647 701 698 iter.
758 647 922 697 Jamque
941 660 1031 685 arva,
1048 648 1231 686 tenebant

124 698 284 747 Ultima,
303 713 388 750 quae
407 700 504 738 bello
524 699 614 737 clari
633 698 776 738 secreta
792 699 1047 749 frequentant.

124 751 202 790 Hic
220 752 275 789 illi
294 752 455 790 occurrit
475 751 639 802 Tydeus,
658 751 720 789 hic
738 752 904 801 inclytus
924 751 1038 789 armis
1350 755 1354 759 '

123 803 435 854 Parthenopaeus,
454 806 494 842 et
513 803 668 841 Adrasti
686 803 861 853 pallentis
880 804 1017 854 imago.
1309 803 1389 841 480

122 855 201 893 Hic
219 856 384 893 multum
403 856 484 894 fleti
497 856 549 893 ad
567 869 719 905 superos
739 856 908 906 belloque
928 855 1058 894 caduci
1086 864 1093 869 '⁷
1130 874 1144 881 -

72 920 75 922 ·
124 907 368 946 Dardanidae:
398 921 491 957 quos
509 907 571 945 ille
590 921 719 945 omnes
739 908 853 958 longo
873 908 1002 946 ordine
1021 919 1176 945 cernens

122 959 329 1009 Ingemuit,
349 959 608 1009 Glaucumque
640 960 899 1010 Medontaque
930 960 1304 1011 Thersilochumque,

122 1011 214 1049 Tres
234 1012 497 1058 Antenoridas,
517 1012 715 1061 Cererique
734 1025 881 1049 sacrum
905 1012 1174 1062 Polyphoeten‚

123 1063 351 1114 Idaeumqme,
371 1065 486 1101 etiam
505 1077 646 1109 currus,
666 1064 781 1101 ctiam
801 1077 904 1101 arma
921 1066 1128 1103 tenentem.
1306 1064 1384 1102 485

123 1115 380 1153 Circumstant
399 1116 533 1152 animae
552 1116 685 1152 dextra
703 1116 872 1165 laevaque
891 1117 1116 1166 frequentes.

123 1167 205 1205 Nec
223 1167 360 1205 vidisse
379 1168 493 1205 semel
512 1168 603 1205 satis
622 1170 701 1213 est3
720 1166 835 1217 ‘juvat
855 1181 971 1217 usque
989 1168 1139 1215 morari,

123 1219 178 1256 Et
196 1220 363 1257 conferre
382 1220 552 1269 gradum,
573 1221 611 1256 et
630 1220 803 1256 veniendi
822 1220 962 1258 discere
980 1233 1121 1257 causas.

122 1271 177 1309 At
196 1271 371 1309 Danaum
391 1285 559 1321 proceres
578 1272 960 1322 Agamemnoniaeque
979 1272 1200 1322 phalanges,

123 1323 180 1361 Ut
197 1323 323 1362 videre
341 1324 465 1360 virum
483 1323 741 1373 fulgentiaque
759 1337 863 1361 arma
879 1338 945 1374 per
963 1325 1128 1372 umbras,
1302 1324 1386 1362 490

122 1375 279 1425 Ingenti
297 1376 483 1426 trepidare
502 1379 630 1414 metu:
657 1389 742 1425 pars
761 1378 905 1414 vertere
923 1378 1043 1426 terga,

122 1427 201 1474 Gau
219 1429 407 1477 quondam
425 1428 565 1478 petiere
583 1429 705 1474 rates3
732 1441 818 1478 pars
836 1429 966 1466 tollere
982 1441 1114 1467 vocem

84 1504 88 1508 -
122 1479 310 1529 Exiguam
325 1497 332 1517 :
361 1479 535 1533 inceptus
550 1479 695 1517 'clamor
712 1480 921 1519 frustratur
934 1481 1095 1519 hiantes.

172 1533 301 1582 Atque
320 1532 381 1570 hic
401 1528 617 1571 Priamiden
636 1532 820 1570 laniatum
839 1547 990 1583 corpore
1008 1535 1092 1572 toto

121 1583 366 1633 Deiphobum
384 1585 504 1630 videt,
527 1588 564 1621 et
584 1585 751 1621 lacerum
771 1585 976 1623 crudeliter
995 1597 1074 1629 ora,
1108 1607 1112 1611 -
1244 1586 1249 1591 “
1304 1587 1382 1624 495

122 1635 197 1672 Ora
215 1649 421 1688 manusque
441 1636 584 1690 ambaS,
600 1636 851 1686 populataque
868 1639 1040 1686 tempora
1057 1636 1174 1687 raptis

121 1687 298 1734 Auribus,
318 1690 357 1726 et
375 1686 748 1726 truncas‘inhonesto
767 1689 918 1726 vulnere
937 1702 1055 1727 nares.

122 1739 194 1775 Vix
209 1736 304 1777 ¹<ideo
323 1733 480 1790 agnouit
497 1740 734 1789 pavitantem
765 1742 804 1778 et
823 1740 903 1778 dira
920 1742 1116 1790 tegentem

120 1790 322 1840 Supplicia,
360 1794 398 1829 et
416 1792 518 1829 notis
537 1791 737 1841 compellat
755 1793 907 1830 vocibus
926 1793 1027 1831 ultro
1044 1810 1052 1830 :

119 1843 353 1892 “Deiphobe
372 1844 612 1893 armipotenS‚
631 1856 752 1892 genus
771 1843 849 1882 alto
867 1858 890 1882 a
908 1845 1091 1895 sanguine
1109 1845 1256 1893 Teucri,
1302 1847 1381 1884 500

119 1894 211 1940 Quis
229 1898 311 1932 tam
330 1895 662 1945 crudeles'opssavit
682 1909 827 1934 sumere
845 1910 973 1946 poenas
987 1897 1007 1935 ἓ

121 1945 190 1983 Cui
208 1948 362 1984 tantum
381 1948 426 1985 de
444 1950 484 1985 te
502 1947 608 1985 licuit
622 1947 641 1985 ’.Ρ
697 1947 799 1985 Mihi
816 1949 918 1987 fama
935 1962 1110 1999 suprema

120 1998 243 2036 Nocte
259 1999 352 2037 tulit
370 2000 510 2037 fessum
528 2002 637 2043 vasta
638 2002 694 2047 jue
702 2000 810 2046 ,caede
829 2001 1033 2052 Pelasgum

119 2049 365 2089 Procubuisse
383 2065 494 2102 super
512 2052 673 2089 eonfusae
692 2053 829 2102 stragis
847 2066 1051 2092 acervum.-

51 2122 60 2131 α
116 2100 226 2140 Tunc
244 2105 396 2153 effigiet
412 2104 605 2141 tumulum
623 2104 788 2142 Rhoeteo
805 2105 846 2142 in
864 2105 975 2144 litore
992 2107 1146 2145 inanem
1298 2108 1379 2146 505

117 2153 322 2201 Constitui,
341 2157 381 2193 et
398 2169 534 2206 magna
546 2169 673 2194 manes
692 2158 752 2194 ter
769 2170 860 2196 voce
876 2158 1020 2196 vocavi.

117 2204 272 2264 Nomen
290 2209 331 2246 et
348 2220 454 2246 arma
470 2209 594 2248 locum
612 2210 786 2248 servant:
814 2212 866 2260 te,
883 2210 1013 2259 amice,
1033 2209 1185 2262 nequivi
