1559 2387
527 101 725 134 mmos,
736 105 818 132 LIB.
839 105 896 134 IV.

86 200 235 238 Fronde
253 198 392 250 premit
410 198 550 237 crinem
568 198 714 247 fingens
745 199 860 247 atque
875 195 1047 246 implicat
1064 209 1176 242 auro;

85 253 176 290 Tela
194 254 330 290 sonant
348 251 524 289 humeris.
580 250 698 287 Haud
715 250 782 287 illo
801 250 950 299 segnior
967 249 1049 286 ibat

85 304 223 342 AEneas
241 320 249 351 3
276 306 431 342 tantum
449 302 598 353 egregio
619 303 730 340 decus
749 302 869 339 enitet
888 315 961 339 ore.
1010 318 1016 322 ·
1267 302 1339 339 150

86 357 294 408 Postquam
313 357 408 394 altos
427 359 585 393 ventum
604 355 644 392 in
662 357 811 392 montes
831 356 944 403 atque
963 353 1066 391 invia.
1083 354 1212 402 lustra,

86 409 184 447 Ecce
201 410 300 455 ferae,
321 409 399 446 saxi
416 408 572 458 dejeotae
590 407 741 454 vertice,
760 419 882 456 caprae

86 462 292 500 Decurrere
306 461 408 512 jugis
423 477 431 507 ;
459 461 530 498 alia
548 460 594 498 de
612 462 718 509 parte
736 461 911 509 patentes

86 514 371 551 Transmittunt
390 527 501 550 cursu
519 525 670 562 campos
690 514 802 561 atque
821 511 974 562 agmina
990 510 1092 549 cervi

87 566 355 604 Pulverulenta
371 566 463 615 fuga
479 565 693 615 glomerant
723 567 945 614 montesque
963 563 1193 614 relinquunt.
1267 562 1340 601 155

87 619 141 655 At
160 632 252 668 puer
271 619 454 656 Ascanius
473 618 605 655 mediis
623 617 664 654 in
682 617 841 654 vallibus
861 617 936 654 acri

87 671 237 709 Gaudet
256 684 363 720 equo,
395 671 550 721 jamque
568 671 637 707 hos
657 683 778 715 cursu,
796 670 873 718 jam
893 669 1061 718 praeterit
1079 669 1174 716 illos,

86 724 407 773 Spumantemque
426 723 506 759 dari
525 735 658 771 pecora
674 722 775 758 inter
793 722 930 759 inertia
947 721 1046 758 votis

86 776 207 826 Optat
225 788 369 825 aprum,
389 778 455 812 aut
473 775 621 812 fulvum
640 774 860 811 descendere
878 776 1008 811 monte
1026 774 1182 811 100110111.

140 828 292 866 Interea
309 840 448 877 magno
467 827 613 864 misceri
633 840 824 863 murmure
844 826 980 863 coelum
1269 828 1344 864 160

85 881 250 930 Incipit:
279 880 491 928 insequitur
509 879 714 916 commixta
732 879 913 927 grandine
931 879 1097 925 nimbus;

85 934 141 970 Et
159 933 263 983 Tyrii
281 933 438 970 comites
456 933 595 981 passim
627 934 665 968 et
685 931 847 978 Troiana
860 931 1041 981 juventus

86 985 373 1035 Dardaniusque
390 998 506 1034 nepos
526 984 682 1021 Veneris
714 984 859 1020 diversa
878 997 942 1033 per
961 997 1070 1032 agros

86 1038 206 1076 Tecta
222 1039 329 1075 metu
346 1037 509 1086 petiere:
537 1039 655 1073 ruunt
674 1037 719 1073 de
738 1036 932 1073 montibus
950 1049 1090 1073 amnes.

86 1090 313 1140 Speluncam
330 1090 433 1127 Dido
452 1090 529 1126 dux
547 1091 587 1126 013
606 1089 790 1138 Trojanus
810 1088 967 1125 eandem
1270 1089 1345 1125 165

86 1142 319 1180 Deveniunt.
375 1142 507 1179 Prima
524 1144 564 1178 et
583 1141 711 1178 Tellus
731 1144 770 1177 et
789 1141 958 1190 pronuba
976 1139 1004 1176 J
1008 1153 1083 1177 uno

86 1195 194 1232 Dant
213 1195 387 1244 signum:
415 1194 551 1231 fulsere
569 1193 676 1242 ignes
707 1195 746 1230 et
765 1193 935 1230 conscius
953 1192 1074 1229 aether

87 1247 309 1292 Connubiis,
344 1259 565 1295 summoque
583 1245 778 1282 ulularunt
797 1245 937 1282 vertice
955 1244 1160 1295 Nymphae.
1188 1285 1194 1289 .‚
1231 1279 1235 1281 .

87 1299 159 1338 Ille
177 1299 255 1338 dies
268 1300 413 1348 primus
430 1299 499 1336 leti
516 1298 732 1348 primusque
751 1298 937 1335 malorum

87 1351 210 1390 Causa
242 1350 339 1395 fuit3
368 1363 491 1400 neque
521 1351 621 1388 enim
640 1349 760 1400 specie
779 1350 924 1387 famave
942 1349 1128 1395 movetur,
1269 1349 1347 1386 170

85 1404 171 1443 Neo
184 1404 266 1454 jam
282 1404 467 1441 furtivum
484 1402 588 1440 Dido
605 1400 813 1440 meditatur
831 1414 995 1439 amorem
1012 1417 1020 1438 :

87 1456 317 1507 Conjugium
334 1458 467 1502 vocat3
494 1455 566 1492 1100
583 1455 760 1504 praetexit
778 1454 929 1492 nomine
948 1453 1108 1502 culpam.

139 1509 345 1559 Extemplo
363 1508 496 1558 Libyae
514 1520 671 1557 magnas
689 1507 722 1543 113
742 1507 862 1544 Fama
878 1519 944 1556 per
962 1506 1138 1553 urbes,—

89 1560 220 1608 Fama,
237 1561 381 1598 malum
411 1573 488 1610 qua
504 1573 580 1597 non
599 1559 700 1596 aliud
718 1559 880 1596 velocius
898 1558 1020 1595 ullum

88 1613 309 1652 Mobilitate
326 1613 432 1663 viget
465 1613 633 1661 viresque
651 1611 812 1660 acquirit
831 1610 953 1648 eundo
967 1626 976 1656 ;
1271 1609 1345 1647 175

88 1665 213 1704 Parva
230 1668 338 1703 metu
354 1665 490 1714 primo,
526 1677 615 1701 mox
634 1676 712 1700 sese
731 1663 876 1700 attollit
893 1662 934 1698 in
953 1674 1074 1706 auras,

88 1717 383 1769 Ingrediturque
401 1717 491 1762 solo,
511 1718 550 1753 et
570 1717 684 1764 caput
702 1715 803 1752 inter
821 1714 951 1752 nubila
968 1713 1110 1753 condit.

88 1770 199 1810 Illam
220 1770 336 1807 Terra
353 1781 499 1819 parens,
518 1768 574 1804 ira
590 1767 741 1804 irritata
759 1767 925 1812 deorum,

87 1822 322 1869 Extremam,
341 1824 387 1858 ut
405 1818 728 1875 PQCOEO
747 1819 1013 1869 Enceladoque
1030 1830 1194 1856 sororem

87 1874 310 1926 Progenuit,
328 1872 485 1924 pedibus
505 1872 661 1910 celerem
679 1873 720 1908 et
736 1871 948 1921 pernicibus
968 1871 1058 1917 alis;
1269 1872 1347 1909 180

87 1927 310 1965 Monstrum
321 1925 562 1970 horrendum,
576 1924 722 1973 ingens,
736 1923 797 1960 cui
811 1925 905 1973 quot
923 1925 1013 1961 sunt
1027 1936 1179 1973 corpore
1196 1922 1345 1974 plumae,

87 1979 166 2018 Tot
182 1979 316 2029 vigiles
333 1977 432 2016 oculi
449 1977 590 2023 subter,
609 1975 779 2013 mirabile
797 1975 915 2021 dictu,

88 2032 165 2070 Tot
181 2032 334 2081 linguae,
351 2030 514 2068 totidem
533 2041 598 2066 ora
615 2029 763 2074 sonant,
781 2029 844 2065 tot
861 2027 1025 2077 subrigit
1043 2040 1161 2066 aures.

89 2084 215 2121 Nocte
231 2083 336 2121 volat
354 2082 439 2120 coeli
455 2081 579 2118 medio
598 2082 782 2129 terraeque
799 2093 866 2129 per
883 2080 1058 2118 umbram

87 2136 270 2180 Stridens,
288 2147 357 2173 1100
375 2134 476 2171 dulci
494 2133 656 2170 declinat
673 2132 818 2169 lumina
835 2145 987 2176 somno3
1268 2132 1344 2170 185

87 2187 191 2225 Luce
210 2188 314 2225 sedet
333 2189 459 2224 eustos
478 2187 545 2223 aut
564 2184 703 2222 summi
720 2184 884 2222 eulmine
901 2186 1008 2230 tecti,

88 2240 272 2280 'rm-ribus
290 2241 357 2278 aut
375 2239 474 2288 altis,
492 2240 533 2277 et
550 2249 708 2289 magnas
724 2237 878 2276 territat
894 2237 1018 2287 urbes,
