1559 2387
456 338 501 383 P.
527 334 759 380 VIRGILII
782 334 1013 380 MARONIS

392 474 1087 541 AENEIDOS

548 634 682 666 LIBER
705 634 920 671 QUARTUS.

110 855 171 893 Aa*
187 853 319 904 regina
336 851 443 903 gravi
456 850 683 902 jamdudum
702 850 828 887 saucia
846 862 936 887 cura

110 906 259 944 Vulnus
278 905 348 943 alit
366 904 482 950 venis,
502 905 542 941 et
561 916 658 941 caeco
678 903 845 951 carpitur
864 901 957 951 igni.

109 959 242 997 Multa
258 958 330 995 viri
347 957 471 994 virtus
491 956 628 1001 animo,
649 955 869 1004 multusque
887 954 1059 991 recursat

111 1011 248 1049 Gentis
266 1010 409 1056 honos;
436 1009 583 1046 haerent
602 1008 707 1045 infixi
726 1010 876 1057 pectore
894 1007 1026 1043 vultus

110 1063 323 1112 Verbaque,
359 1075 426 1099 nec
445 1061 631 1112 placidam
650 1059 827 1097 membris
847 1059 913 1096 dat
933 1071 1022 1096 cura
1041 1057 1219 1109 quietem.

112 1115 273 1154 Postera
290 1114 460 1151 Phoebea
477 1113 666 1150 lustrabat
685 1112 856 1161 lampade
874 1113 993 1149 terras

113 1167 427 1215 Humentemque
445 1167 595 1202 Aurora
612 1165 697 1214 polo
717 1165 926 1201 dimoverat
943 1163 1130 1211 umbram,

113 1219 244 1266 Quum
262 1219 316 1256 sic
334 1218 552 1255 unanimam
572 1217 777 1266 alloquitur
795 1216 892 1253 male
912 1229 1003 1253 sana
1020 1229 1204 1253 sororem:

113 1274 135 1291 “
147 1272 262 1309 Anna
280 1283 394 1316 soror,
414 1283 496 1320 quae
514 1283 575 1307 me
594 1282 818 1319 suspensum
836 1268 1027 1305 insomnia
1045 1269 1214 1306 terrent!

113 1324 208 1371 Quis
226 1336 347 1361 novus
365 1323 427 1360 hic
446 1322 585 1360 nostris
605 1321 785 1359 successit
804 1321 953 1358 sedibus
972 1320 1128 1370 hospes!

114 1376 238 1422 Quem
256 1388 335 1413 sese
353 1387 415 1412 ore
433 1374 577 1412 terens!
606 1387 719 1423 quam
738 1373 828 1411 forti
846 1374 997 1422 pectore
1017 1376 1056 1409 et
1076 1373 1211 1411 armis!

114 1428 235 1465 Credo
255 1427 442 1477 equidem,
461 1440 530 1464 nec
548 1439 646 1463 vana
664 1426 766 1471 fides,
786 1438 905 1475 genus
924 1438 1003 1463 esse
1022 1425 1188 1463 deorum.

114 1480 330 1530 Degeneres
349 1479 492 1516 animos
511 1479 627 1516 timor
646 1479 783 1528 arguit.
839 1477 940 1524 Heu,
961 1477 1096 1527 quibus
1115 1477 1180 1516 ille

115 1532 293 1570 Jactatus
311 1531 421 1569 fatis!
451 1544 534 1580 quae
552 1531 651 1568 bella
669 1531 852 1568 exhausta
871 1530 1049 1567 canebat!

115 1585 156 1621 Si
174 1584 269 1621 mihi
286 1597 363 1622 non
382 1583 507 1621 animo
526 1584 647 1619 fixum
664 1583 941 1631 immotumque
960 1582 1117 1630 sederet,

114 1636 178 1674 Ne
197 1637 257 1673 eui
275 1649 335 1673 me
353 1635 478 1673 vinclo
497 1635 631 1672 vellem
651 1635 789 1672 sociare
802 1634 936 1684 jugali,

116 1688 326 1737 Postquam
344 1688 487 1736 primus
506 1700 610 1724 amor
629 1687 824 1736 deceptam
842 1688 964 1723 morte
983 1686 1138 1734 fefellit;

115 1740 156 1776 Si
174 1753 252 1777 non
269 1742 473 1789 pertaesum
490 1739 651 1776 thalami
668 1738 852 1787 taedaeque
870 1738 1015 1785 fuisset,

115 1792 219 1829 Huic
238 1792 306 1829 uni
331 1792 457 1829 forsan
475 1791 584 1840 potui
602 1791 820 1828 sucumbere
839 1790 970 1839 culpae.

117 1845 238 1890 Anna,
258 1844 404 1881 fatebor
421 1843 533 1889 enim,
552 1843 679 1879 miseri
696 1844 784 1892 post
801 1842 881 1879 fata
899 1841 1048 1892 Sychaei

117 1895 308 1945 ConjugiS‚
328 1897 367 1933 et
386 1908 532 1945 sparsos
549 1895 717 1932 fraterna
734 1895 834 1932 caede
852 1897 1018 1944 penates,

117 1948 225 1986 Solus
242 1948 305 1985 hic
323 1947 469 1985 inflexit
487 1960 617 1985 sensus
648 1947 890 1996 animumque
907 1947 1100 1985 labantem

117 2000 300 2049 Impulit:
328 2012 490 2049 agnosco
508 1999 646 2037 veteris
664 1999 826 2049 vestigia
842 1999 1015 2037 flammae.

117 2052 192 2089 Sed
208 2052 304 2089 mihi
320 2052 381 2089 vel
397 2052 510 2089 tellus
529 2053 659 2101 optem
675 2051 780 2101 prius
797 2051 874 2089 ima
893 2052 1073 2098 dehiscat,

117 2103 189 2142 Vel
205 2105 313 2153 pater
330 2104 568 2153 omnipotens
588 2104 717 2154 adigat
735 2116 796 2141 me
813 2104 972 2142 fulmine
991 2105 1039 2141 ad
1056 2103 1221 2152 umbras„

117 2155 308 2194 Pallentes
325 2156 478 2193 umbras
496 2156 613 2194 Erebi
630 2157 855 2206 noctemque
873 2157 1110 2206 profundam,

120 2208 233 2252 Ante.
252 2208 392 2259 Pudor,
412 2221 525 2260 quam
542 2210 584 2248 te
601 2208 713 2259 violo,
733 2210 800 2247 aut
817 2210 887 2248 tua
896 2208 988 2260 jura
1005 2208 1166 2249 resolvo.

1323 1323 1375 1359 10

1325 1583 1373 1620 15

1324 1844 1376 1881 20
