1559 2387
538 93 729 124 mmos
743 95 829 123 1113.
847 94 897 124 11.

90 184 267 224 Telorum
283 184 427 223 interea
444 185 565 223 cessat
582 197 713 236 genus.

142 240 163 258 “
175 237 417 276 Vestibulum
435 239 523 275 ante
540 237 666 288 ipsum
683 236 879 287 primoque
895 236 936 273 in
954 235 1082 275 limine
1101 235 1271 288 Pyrrhus

90 290 282 336 Exsultat,
301 290 386 328 telis
406 292 445 327 et
462 290 546 328 luce
565 303 738 328 coruscus
757 290 897 327 ahena:
1265 290 1343 327 470

90 343 219 389 Qualis
238 343 303 380 ubi
320 343 361 379 in
379 342 501 380 lucem
519 343 680 389 coluber,
698 343 797 380 mala
814 342 984 392 gramina
1001 343 1143 392 pastus,

91 395 246 445 Frigida
265 395 334 432 sub
352 397 453 432 terra
469 395 661 432 tumidum
680 409 792 445 quem
809 395 943 432 bruma
959 395 1125 444 tegebat,

90 447 204 484 Nunc
222 447 355 497 positis
374 461 494 484 novus
513 447 655 484 exuviis
674 448 890 497 nitidusque
903 448 1074 498 juventa,

90 499 254 537 Lubrica
271 499 462 537 convolvit
480 499 629 537 sublato
647 502 797 550 pectore
816 502 924 550 terga

91 552 243 589 Arduus
263 552 310 589 ad
329 552 455 598 solem,
476 555 514 589 et
532 552 671 602 linguis
691 553 806 590 micat
825 566 886 589 ore
904 551 1078 589 trisulcis.
1266 550 1346 589 475

93 604 179 641 Una
195 605 328 654 ingens
348 604 529 654 Periphas
548 607 587 642 et
606 618 815 654 equorum
805 605 970 654 agitator
988 603 1159 648 Achillis,

91 657 265 707 Armiger
283 657 537 703 Automedon,
557 671 632 694 una
649 658 770 694 omnis
790 657 919 707 Scyria
936 657 1053 706 pubes

89 709 303 747 Succedunt
321 711 424 746 tecto
456 712 494 747 et
512 687 682 747 iiammas
701 710 748 747 ad
768 710 930 747 culmina
943 709 1104 759 jactant.

90 761 177 811 Ipse
195 761 295 799 inter
312 761 452 811 primos
472 765 642 812 correpta
661 762 753 799 diua
772 762 923 811 bipenni

89 814 240 851 Limina
256 814 476 874 perrumpit,
495 817 694 874 postesque
713 828 735 851 a
753 814 900 851 cardine
918 814 1024 851 vellit
1267 813 1346 851 480

88 866 262 904 AEratos·
254 897 262 913 ,
284 867 438 917 jamque
457 867 579 904 excisa
596 867 702 904 trabe
721 868 829 904 firma
848 867 994 904 cavavit

89 918 251 965 Robora,
270 921 309 956 et
327 919 522 969 ingentem
540 919 618 956 lato
638 920 742 956 dedit
761 933 822 957 ore
841 919 1054 956 fenestram.

89 972 257 1021 Apparet
277 972 409 1009 domus
428 972 543 1018 intus,
563 974 602 1009 et
621 972 717 1009 atria
734 973 848 1021 longa
865 973 1087 1021 patescunt3

88 1024 284 1073 Apparent
304 1023 447 1061 Priami
467 1026 505 1061 et
524 1026 695 1062 veterum
713 1025 918 1074 penetralia
934 1037 1078 1073 regum,

88 1077 340 1125 Armatosque
358 1077 489 1113 vident
509 1079 653 1114 stantes
672 1077 711 1113 in
730 1077 858 1114 limine
877 1077 1008 1126 primo.
1268 1075 1345 1112 485

141 1131 162 1148 “
174 1129 231 1165 At
249 1129 382 1166 domus
400 1128 556 1166 interior
574 1129 721 1179 gemitu
739 1129 946 1178 miseroque
964 1127 1138 1166 tumultu

90 1181 287 1227 Miscetur,
323 1181 547 1231 penitusque
566 1195 666 1219 cavae
684 1182 926 1232 plangoribus
947 1181 1045 1218 aedes

91 1233 278 1271 Femineis
299 1233 465 1280 ululant3
494 1234 581 1271 ferit
601 1247 710 1271 aurea
729 1234 848 1271 sidera
866 1234 1016 1271 clamor.

90 1286 189 1323 Tum
207 1285 354 1336 pavidae
372 1286 485 1324 tectis
503 1289 643 1324 matres
662 1287 881 1336 ingentibus
901 1288 1040 1331 errant,

89 1339 356 1388 Amplexaeque
375 1340 508 1376 tenent
526 1341 653 1388 postes
685 1343 798 1388 atque
817 1339 943 1376 oscula
960 1338 1098 1388 figunt.
1269 1335 1346 1372 490

90 1391 218 1428 Instat
236 1391 274 1428 vi
291 1391 414 1441 patria
431 1391 601 1441 Pyrrhus
615 1408 624 1438 ;
652 1405 719 1429 nec
738 1392 910 1438 claustra,
929 1404 1049 1440 neque
1066 1389 1139 1439 ipsi

90 1443 273 1481 Custodes
292 1444 444 1481 sufferre
462 1444 600 1481 valent.
658 1444 782 1481 Labat
800 1445 914 1481 ariete
933 1444 1061 1481 crebro

95 1496 116 1532 J
119 1509 226 1542 anua,
246 1498 285 1534 01
304 1496 422 1533 0111011
440 1497 695 1546 procumbunt
715 1497 862 1534 cardine
881 1499 1019 1546 postes.

92 1548 157 1585 Fit
176 1549 236 1586 via
253 1549 312 1586 vi:
341 1551 524 1598 rumpunt
543 1549 678 1594 aditus,
699 1550 911 1599 primosque
929 1547 1123 1586 trucidant

91 1600 259 1638 Immissi
277 1601 411 1646 Danai,
432 1603 471 1638 et
489 1601 565 1638 late
584 1601 665 1638 loca
682 1601 803 1639 milite
821 1601 951 1651 compl<
968 1603 1023 1637 ut.
1269 1598 1346 1635 495

91 1653 180 1690 Non
199 1653 262 1698 310,
282 1653 480 1703 aggeribus
498 1654 621 1703 ruptis
640 1667 755 1702 quum
776 1667 951 1703 spumeus
971 1651 1091 1689 amnis

93 1704 198 1742 Exiit
229 1706 491 1755 oppositasque
510 1706 623 1742 evicit
641 1706 794 1755 gurgite
813 1707 940 1752 moles,

92 1757 230 1794 Fertur
248 1758 288 1794 in
307 1771 394 1794 arva
412 1758 538 1794 furens
557 1758 718 1804 cumulo,
738 1771 960 1808 camposque
978 1769 1044 1807 per
1063 1769 1191 1794 omnes

92 1809 189 1846 Cum
208 1810 364 1847 stabulis
384 1812 553 1847 armenta
571 1810 703 1847 trahit.
758 1810 848 1847 Vidi
864 1811 944 1860 ipse
962 1810 1151 1847 furentem

97 1861 205 1899 Uaede
224 1862 519 1911 Neoptolemum
549 1862 792 1912 geminosque
810 1864 850 1900 in
867 1863 997 1900 limine
1015 1861 1193 1898 Atridas:
1270 1861 1348 1897 500

94 1914 182 1950 Vidi
200 1914 400 1952 Hecubam
419 1917 646 1964 centumque
664 1929 792 1962 nurus,
811 1915 1080 1974 Priamumque
1099 1926 1165 1963 per
1183 1926 1263 1950 aras

92 1966 282 2017 Sanguine
300 1967 516 2013 foedantem,
537 1980 629 2016 quos
647 1967 726 2017 ipse
745 1970 965 2014 sacraverat,
984 1967 1103 2016 ignes.

93 2019 377 2069 Quinquaginta
393 2019 449 2056 1111
466 1997 636 2066 thalami,
656 2033 738 2069 spes
756 2022 866 2058 tanta
883 2022 1078 2076 nepotum,

93 2071 294 2108 Barbarico
312 2073 438 2121 postes
458 2085 547 2109 auro
566 2072 766 2122 spoliisque
784 2074 944 2134 superbi,

29 2135 32 2138 ’
93 2123 348 2161 Procubuere:
376 2126 510 2161 tenent
529 2124 664 2171 Danai,
683 2138 757 2175 qua
774 2126 928 2164 deficit
917 2124 1030 2177 181113.
1272 2122 1348 2160 505

145 2175 357 2213 “Forsitan
369 2178 418 2221 et,
433 2176 575 2214 Priami
593 2176 734 2214 fuerint
753 2191 833 2228 quae
851 2179 941 2225 fata,
960 2180 1137 2229 requiras.

96 2226 208 2266 Urbis
226 2229 286 2266 uti
303 2229 420 2280 captae
439 2243 567 2267 casum
585 2229 833 2283 convulsaque
850 2232 949 2270 vidit
