1559 2387
567 94 756 122 AENEIDOS
774 96 844 122 ΗΒ
850 116 856 122 .
877 97 937 126 IV.

127 188 189 227 Ire
207 190 306 227 viam
339 190 377 227 et
396 187 531 240 Tyrios
549 191 696 227 deserta
714 202 878 239 quaerere
894 193 1014 227 terra:

126 242 383 280 Eumenidum
399 242 520 280 veluti
536 242 688 280 demens
706 243 811 280 videt
830 243 982 293 agmina
999 240 1192 279 Pentheus

126 295 182 332 Et
200 295 317 332 solem
334 295 528 345 geminum
559 296 598 332 et
617 295 782 344 duplices
800 308 838 332 se
857 295 1052 332 ostendere
1071 295 1218 333 Thebas
1234 310 1242 341 ;

127 348 209 384 Aut
226 348 549 397 Agamemnonius
568 348 687 384 scenis
707 347 873 397 agitatus
893 348 1045 384 Orestes

127 401 327 438 Armatam
343 400 485 437 facibus
503 402 663 437 matrem
683 403 721 437 et
741 401 974 448 serpentibus
993 399 1084 436 atris

128 453 254 498 Quum
272 453 385 502 fugit,
403 453 628 501 ultricesque
647 453 778 490 sedent
796 454 835 489 in
853 453 984 489 111111110
1002 452 1118 489 Dirae.

179 505 286 555 Ergo
303 505 369 542 ubi
387 505 558 555 concepit
577 505 710 542 Furias
741 505 864 542 evicta
882 505 1007 542 dolore

128 557 379 606 Decrevitque
397 558 504 604 mori,
523 560 673 607 tempus
693 571 819 595 secum
837 558 917 608 ipsa
935 558 1164 607 modumque

128 610 273 660 Exigit,
292 613 332 647 et
350 612 523 647 maestam
543 611 653 647 dictis
672 615 849 660 aggressa
867 623 1029 648 sororem

128 662 336 699 Consilium
354 663 466 699 vultu
483 663 594 712 tegit,
614 675 656 700 30
675 676 778 712 spem
797 664 922 700 fronte
941 664 1109 700 serenat:

128 718 148 733 “
162 715 309 760 Inveni,
328 728 517 764 germana,
536 715 840 765 viam—gratare
860 715 1031 753 sorori—

129 767 222 813 Quae
239 767 334 804 mihi
352 768 484 804 reddat
504 780 600 812 eum,
620 767 679 804 Vel
698 781 740 804 eo
759 781 818 805 me
838 768 960 805 solvat
979 768 1181 805 amantem.

129 819 268 856 Oceani
285 820 398 857 finem
416 820 523 868 juxta
541 820 729 869 solemque
749 820 943 857 cadentem

129 871 299 909 Ultimus
318 872 543 922 AEthiopum
562 873 665 910 locus
684 874 754 918 est,
773 873 838 909 ubi
856 873 1041 909 maximus
1061 872 1171 909 Atlas

129 925 250 962 Axem
268 925 425 962 humero
443 926 597 973 torquet
616 925 735 962 stelh's
754 925 971 962 ardentibus
990 927 1143 974 aptum:

130 976 234 1015 Hinc
252 977 347 1014 mihi
366 977 547 1027 Massylae
565 977 690 1028 gentis
710 980 859 1014 monsti
861 980 923 1014 ata
942 990 1044 1015 53001
1046 977 1124 1023 (105

130 1025 384 1080 Hesperidum
403 1030 536 1079 templi
555 1032 692 1076 custos,
712 1030 911 1080 epulasque
931 1030 1081 1067 (11300111

130 1081 224 1127 Quae
242 1082 367 1128 dabat,
386 1084 425 1120 et
444 1095 565 1120 sacros
584 1083 785 1120 servabat
775 1096 815 1120 m
834 1083 963 1120 arbore
981 1095 1116 1128 1·,amos

131 1134 318 1185 Spargens
337 1135 493 1172 humida
510 1135 622 1185 mella
640 1135 961 1185 soporiferumque
978 1148 1151 1184 papaver.

131 1186 229 1224 Haec
248 1200 286 1225 se
305 1187 530 1225 carminibus
549 1187 742 1237 promittit
762 1188 902 1225 solvere
921 1190 1079 1234 mentes,

132 1239 234 1285 Quas
252 1239 356 1285 velit,
389 1243 448 1277 ast
474 1240 554 1276 aljis
575 1241 686 1277 duras
704 1240 912 1277 immittere
931 1253 1059 1286 curas;

132 1291 273 1329 Sistere
292 1305 427 1342 aquam
445 1292 581 1338 fluviis,
600 1295 640 1330 et
657 1294 802 1330 vertere
822 1293 943 1330 sidera
959 1294 1083 1339 retro3

131 1343 426 1393 Nocturnosque
445 1345 519 1382 ciet
538 1358 688 1391 manes3
715 1345 862 1395 mugire
881 1345 1024 1382 videbis

133 1395 211 1435 Sub
229 1397 385 1447 pedibus
403 1399 553 1443 terram,
574 1400 613 1435 et
632 1398 852 1435 descendere
870 1398 1064 1435 montibus
1083 1410 1205 1436 ornos.

133 1449 280 1496 Testor,
300 1463 394 1496 cara,
414 1450 501 1488 deos
531 1452 570 1487 et
588 1452 639 1496 te,
659 1463 847 1500 germana,
866 1452 1052 1499 tuumque

133 1501 257 1540 Dulce
275 1504 400 1552 caput,
420 1503 587 1552 magicas
605 1503 766 1540 invitam
785 1503 970 1552 accingier
989 1504 1099 1540 artes.

133 1553 195 1591 Tu
213 1557 356 1592 secreta
372 1568 506 1604 pyram
524 1557 628 1592 tecto
647 1555 824 1592 interiore
843 1556 913 1592 sub
932 1568 1039 1592 auras

133 1606 264 1656 Erige,
293 1611 332 1645 et
361 1620 464 1644 arma
481 1607 564 1653 viri,
584 1608 752 1645 thalamo
773 1620 855 1656 quae
874 1608 949 1644 fixa
965 1607 1120 1656 reliquit

134 1658 292 1709 Impius,
304 1659 535 1718 exuviasque
553 1672 682 1697 omnes
711 1660 926 1708 lectumque
939 1659 1120 1709 jugalem,

134 1710 218 1757 Quo
235 1711 865 1781 Ρο111,511Ρο1·1111Ρο1135.Α1101010
883 1711 1034 1749 nefandi

135 1762 284 1800 Cuncta
300 1764 372 1800 viri
389 1766 635 1801 monumenta
641 1764 765 1811 Juvat
778 1766 1040 1813 monstratque
1058 1763 1269 1802 sace1·d0s.'‘

135 1815 233 1853 Haec
251 1816 365 1853 effata
383 1816 490 1863 silet,
517 1816 636 1865 pallor
654 1817 766 1853 simul
785 1818 943 1865 occupat
961 1830 1037 1854 ora.

135 1868 227 1905 Non
244 1869 374 1906 tamen
392 1869 505 1905 Anna
522 1869 629 1905 novis
647 1871 852 1917 praetexere
870 1869 1002 1906 funera
1019 1869 1132 1906 sacris

136 1920 363 1958 Germanam
382 1921 512 1966 credit,
532 1934 600 1958 nec
618 1922 748 1958 tantos
766 1922 894 1958 mente
911 1922 1054 1959 furores

136 1972 322 2022 Concipit,
341 1976 407 2010 aut
425 1973 598 2022 graviora
611 1973 741 2020 timet,
760 1986 873 2022 quam
890 1976 1014 2012 morte
1033 1972 1194 2024 Sychaei.

135 2024 241 2074 Ergo
255 2025 359 2075 jussa
376 2027 496 2075 parat.

187 2078 244 2114 At
260 2078 401 2127 regina,
420 2078 515 2128 pyra
531 2077 714 2127 penetrali
731 2077 772 2115 in
790 2078 876 2116 sede
894 2078 964 2116 sub
983 2091 1091 2116 auras

136 2128 277 2166 Erecta
292 2108 442 2180 ingenti
458 2131 570 2167 taedis
588 2132 703 2179 atque
720 2130 804 2168 11100
823 2133 936 2177 secta,

136 2180 385 2232 Intenditque
402 2182 528 2220 locum
546 2183 656 2220 sertis
686 2184 726 2220 et
743 2183 875 2221 fronde
894 2185 1049 2221 coronat

137 2232 330 2283 Funerea;
356 2247 468 2286 super
484 2235 636 2274 exuvias
654 2247 854 2287 ensemque
871 2236 1046 2275 relictum

1303 292 1381 331 470

1307 820 1387 856 480

1310 1082 1388 1118 485

1313 1346 1393 1383 490

1316 1870 1394 1907 500

1316 2130 1395 2168 505
