1559 2387
583 107 766 137 AENEIDOS
786 109 867 137 LIB.
887 111 917 138 1.

119 202 243 242 Corda
271 203 421 242 volente
440 203 528 250 deo3
557 203 599 241 in
615 203 746 254 primis
765 204 895 255 regina
912 203 1082 255 quietum

118 257 270 306 Accipit
287 257 328 294 in
346 257 509 294 Teucros
528 256 697 294 animum
714 260 955 308 mentemque
973 258 1186 308 benignam.
1200 285 1238 302 ν,

169 309 227 347 At
244 309 327 359 pius
346 309 485 347 AEneas
504 322 570 359 per
587 311 738 347 noctem
757 310 919 359 plurima
936 310 1101 359 volvens,
1295 314 1372 352 305

120 361 176 399 Ut
193 362 358 412 primum
375 363 440 399 lux
459 362 558 399 alma
576 362 665 399 data
682 364 751 409 est,
771 363 869 400 exire
887 362 1060 414 locosque

117 413 323 464 Explorare
340 428 468 461 novos,
489 428 579 465 quas
597 417 712 452 vento
731 416 926 453 accesserit
944 429 1038 463 oras,

118 467 192 512 Qui
209 469 377 514 teneant,
395 481 484 504 nam
501 468 646 505 inculta
662 468 778 514 videt,
797 468 1016 506 hominesne
1034 469 1180 517 feraenc,

115 519 288 565 Quaerere
307 520 517 566 constituit,
537 520 718 570 sociisque
737 523 868 558 exacta
885 521 1032 559 referre.

115 571 282 610 Classem
299 573 340 610 in
358 586 522 610 convexo
541 586 737 610 nemorum
756 573 825 610 sub
843 587 935 624 rupe
954 576 1086 611 cavata
1293 577 1373 616 310

117 625 322 663 Arboribus
342 626 505 663 clausam
524 626 663 663 circum
682 628 794 675 atque
812 626 1052 664 horrentibus
1070 626 1213 665 umbris

116 676 286 716 Occulit:
314 678 392 728 ipse
410 691 486 715 uno
505 678 678 728 graditur
699 678 902 716 comitatus
920 679 1079 728 Achate,

119 728 215 767 Bina
231 744 347 768 manu
364 731 443 768 lato
462 731 626 780 crispans
645 731 799 768 hastilia
816 732 924 769 ferro.

116 781 186 818 Cui
204 785 326 820 mater
344 783 467 820 media
485 796 563 820 sese
582 783 674 820 tulit
694 783 804 820 obvia
822 784 925 829 silva,

120 831 282 885 Virginis
301 849 341 873 os
359 835 606 885 habitumque
624 849 756 886 gerens
776 838 814 873 et
832 836 989 886 virginis
1008 850 1112 875 arma
1292 839 1370 876 315

114 886 318 936 Spartanae,
337 889 397 925 vel
417 888 534 938 qualis
555 901 668 938 equos
688 888 867 925 Threissa
884 889 1023 939 fatigat

114 939 329 990 Harpalyce
358 941 620 990 volucremque
639 941 730 990 fuga
747 941 989 990 praevertitur
1006 940 1181 977 Hebrum
1200 969 1208 972 .

113 991 288 1042 Namque
306 993 471 1031 humeris
491 994 536 1031 de
554 1006 658 1030 more
676 993 840 1030 habilem
859 994 1102 1044 suspenderat
1121 1007 1245 1033 arcum

114 1043 308 1093 Venatrix,
327 1046 553 1096 dederatque
572 1059 717 1083 comam
736 1046 943 1083 diffundere
960 1047 1097 1094 ventis,

113 1096 230 1135 Nuda
247 1111 358 1148 genu,
379 1099 552 1148 nodoque
571 1098 673 1136 sinus
693 1098 848 1136 collecta
865 1099 1036 1137 fluentes.
1291 1101 1370 1138 320

113 1150 170 1187 Ac
189 1151 300 1200 prior,
320 1154 341 1170 “
354 1151 502 1198 Heus‚'’
523 1151 659 1201 inquit,
679 1153 700 1170 “
709 1151 878 1201 juvenes,
896 1153 1106 1189 monstrate
1124 1152 1292 1190 mearum

113 1202 272 1240 Vidistis
292 1203 323 1240 si
341 1217 453 1254 quam
471 1203 533 1240 hic
552 1206 739 1241 errantem
757 1204 855 1241 forte
873 1218 1053 1251 sororum,
1094 1216 1096 1219 ’

113 1254 351 1293 Succinctam
369 1256 545 1306 pharetra
564 1259 602 1294 et
620 1256 819 1294 maculosae
837 1257 1006 1307 tegmine
1024 1257 1157 1307 lyncis,
1364 1283 1369 1307 0

112 1308 194 1345 Aut
212 1309 422 1358 spumantis
442 1309 521 1359 apri
540 1322 689 1346 cursum
709 1309 868 1347 clamore
886 1310 1158 1359 prementem.”

166 1360 227 1398 Sic
245 1361 373 1399 Venus
390 1377 398 1408 3
427 1364 465 1399 et
484 1361 639 1400 Veneris
659 1364 790 1399 contra
808 1362 860 1399 sic
879 1362 978 1399 filius
997 1375 1124 1400 orsus:
1293 1364 1370 1401 325

113 1415 133 1432 “
149 1413 267 1451 Nulla
283 1415 436 1451 tuarum
455 1415 584 1452 audita
601 1414 696 1451 mihi
714 1427 833 1464 neque
851 1414 932 1452 visa
950 1428 1131 1461 sororum,

112 1465 312 1516 O—quam
330 1469 370 1504 te
387 1467 750 1517 memorem—virgo
765 1467 782 1505 P
810 1480 970 1517 namque
988 1468 1090 1505 haud
1108 1467 1180 1505 tibi
1198 1466 1325 1505 vultus

112 1517 301 1565 Mortalis,
320 1533 388 1557 nec
406 1533 479 1557 vox
497 1519 689 1557 hominem
708 1521 840 1567 sonat3
884 1520 916 1556 O
936 1521 1005 1557 dea
1023 1522 1145 1559 certe:

111 1571 174 1607 An
193 1571 330 1609 Phoebi
348 1571 482 1611 soror?
510 1586 555 1609 an
576 1572 830 1622 nympharum
850 1573 1042 1623 sanguinis
1060 1587 1137 1610 una
1150 1573 1169 1611 Ρ

111 1622 170 1660 Sis
187 1623 287 1671 felix,
306 1627 552 1674 nostrumque
569 1625 679 1671 leves,
699 1637 954 1674 quaecumque,
972 1625 1149 1673 laborem,
1292 1626 1369 1663 330

112 1675 167 1713 Et
186 1689 259 1725 quo
279 1677 347 1714 sub
367 1677 459 1715 coelo
477 1678 643 1723 tandem,
663 1677 797 1727 quibus
817 1677 916 1715 orbis
933 1678 974 1714 in
993 1678 1066 1715 oris

113 1727 139 1764 J
141 1731 320 1776 actemur,
339 1729 492 1774 doceas;
533 1729 657 1776 ignari
684 1729 954 1778 hominumque
972 1730 1212 1782 locorumque

112 1780 305 1827 Erramus,
323 1783 438 1819 vento
456 1782 531 1819 huc
548 1782 666 1820 vastis
686 1787 724 1821 et
742 1782 919 1819 fiuctibus
939 1783 1025 1820 acti.

111 1831 241 1871 Multa
258 1834 330 1872 tibi
349 1836 436 1872 ante
455 1847 536 1871 aras
554 1836 685 1871 nostra
703 1834 811 1872 cadet
829 1834 955 1872 hostia
974 1835 1145 1872 dextra.”

164 1886 264 1923 Tum
277 1886 405 1924 Venus
420 1903 427 1924 :
457 1889 477 1906 “
491 1887 610 1924 Haud
621 1886 792 1936 equidem
804 1887 873 1924 tali
883 1900 943 1924 me
956 1887 1091 1938 dignor
1108 1887 1249 1926 honore
1263 1903 1271 1935 ;
1290 1888 1365 1925 335

114 1936 330 1989 Virginibus
349 1939 474 1990 Tyriis
493 1952 574 1977 mos
593 1941 650 1976 est
669 1941 816 1989 gestare
833 1939 1060 1989 pharetram,

112 1990 378 2041 Purpureoque
397 1992 472 2029 alte
491 2005 594 2029 suras
613 1991 753 2029 vincire
772 1992 969 2029 cothurno.

111 2042 257 2081 Punica
273 2057 390 2094 regna
406 2044 521 2091 vides,
541 2044 675 2094 Tyrios
695 2046 734 2081 et
752 2045 937 2095 Agenoris
956 2044 1110 2093 urbem;

111 2095 186 2133 Sed
203 2096 296 2134 fines
314 2097 460 2147 Libyci,
479 2109 598 2146 genus
615 2097 852 2134 intractabile
870 2097 982 2135 bello.

111 2147 320 2198 Imperium
338 2149 440 2186 Dido
458 2149 575 2199 Tyria
592 2149 691 2199 regit
708 2150 799 2187 urbe
817 2150 996 2199 profecta,
1286 2149 1366 2187 340

110 2200 343 2239 Germanum
359 2200 518 2252 fugiens.
573 2201 708 2251 Longa
725 2204 782 2239 est
800 2202 946 2252 injuria,
964 2202 1090 2253 longae

111 2252 325 2306 Ambages;
351 2254 418 2292 sed
434 2266 582 2292 summa
598 2267 730 2306 sequar
747 2254 900 2306 fastigia
915 2267 1052 2292 rer-um.
