1559 2387
617 98 805 130 AENEIDOS
823 100 905 130 LIB.
924 101 983 130 VI.

170 187 310 233 Omnes
330 188 524 237 coelicolas,
544 202 673 228 ornnes
692 201 826 248 supera
843 188 921 227 alta
937 188 1124 227 tenentes.

92 268 97 272 >
121 262 125 270 ι
169 243 260 281 Huc
277 238 447 293 geminas
465 256 566 281 nunc
583 242 693 288 flente
712 241 955 288 36166,113116
973 241 1096 291 aspice
1114 241 1269 290 gentem

169 288 436 346 Romanosque
453 297 552 334 tuos.
607 295 685 332 Hic
705 269 838 341 036631,
858 296 897 332 et
916 294 1038 332 omnis
1058 293 1136 331 Ι1111
1350 294 1428 332 790

170 347 386 398 Progenies,
404 362 586 398 magnum
605 347 688 385 60611
706 349 867 384 ventura
885 347 955 385 sub
974 359 1093 384 axem.

172 401 248 438 Hic
266 401 335 447 vir,
354 401 416 439 hic
435 404 505 447 est,
524 400 596 438 tibi
615 413 726 449 quem
743 399 919 449 promitti
937 399 1075 449 saepius
1094 399 1212 446 audis,

172 453 369 503 Augustus
389 453 524 500 Caesar,
544 453 635 490 Divi
653 466 794 503 genus:
823 465 934 490 aurea
952 452 1088 490 condet

170 505 317 543 53661113
336 506 400 556 qui
418 519 545 544 rursus
565 505 688 551 Latio,
708 507 866 555 legnata
882 517 949 554 per
968 517 1057 542 arva

170 557 334 596 Saturno
354 559 556 618 quondam,
593 571 703 608 super
721 560 760 594 et
780 557 1030 595 Garamantas
1049 560 1088 595 et
1107 556 1225 597 Indos
1353 555 1429 595 '795

170 610 223 647 P1
225 611 370 648 oferet
360 612 581 661 imperium:
605 611 706 660 jacet
725 612 832 647 extra
850 610 971 647 sidera
987 603 1115 657 tellus,

170 662 294 700 Extra
312 663 401 700 anni
419 663 590 712 Solisque
608 663 698 708 vias,
718 663 783 700 ubi
802 663 941 702 coelifer
959 662 1070 700 Atlas

170 715 293 753 Axem
312 715 469 753 humero
487 717 641 765 torquet
660 715 777 752 stellis
797 715 1015 752 ardentibus
1035 717 1180 764 aptum.

170 767 300 817 Hujus
319 768 360 805 in
379 768 586 805 adventum
599 767 680 817 jam
698 780 798 804 nunc
817 769 857 804 et
876 767 1012 817 Caspia
1029 780 1147 817 regna

119 836 121 842 ¹
150 819 376 870 ;Responsis
395 820 552 858 horrent
571 820 701 857 divum
733 822 773 858 et
792 819 954 857 Maeotia
971 819 1096 865 tellus,
1354 820 1433 859 800

171 872 227 909 Et
245 873 534 923 septemgemini
552 873 710 910 turbant
729 872 877 922 trepida
895 872 993 909 ostia
1010 872 1105 909 Nili.

171 924 254 963 Nec
272 938 361 963 vero
379 925 531 963 Alcides
550 927 705 962 tantum
724 924 873 962 telluris
892 924 1024 970 obivit,

171 976 318 1016 Fixerit
339 978 532 1027 aeripidem
551 991 699 1016 cervam
717 977 818 1024 licet,
838 979 905 1014 aut
924 976 1158 1027 Erymanthi

104 1036 112 1044 '⁶
172 1029 323 1068 Pacarit
341 1044 505 1077 nemora,
525 1033 564 1068 et
583 1030 746 1068 Lernam
766 1030 1018 1067 tremefecerit
1036 1042 1147 1067 arcu:

174 1081 254 1120 Nec
255 1083 337 1133 ‚qui
356 1083 564 1139 pampineis
583 1083 733 1120 victor
719 1096 813 1132 juga
831 1082 951 1119 flectit
970 1082 1138 1125 habenis,
1356 1082 1434 1120 805

175 1134 297 1181 Liber,
318 1148 432 1185 agens
452 1135 558 1173 celso
568 1136 688 1186 Nysae
707 1136 752 1173 de
771 1135 911 1172 veitice
930 1135 1060 1185 tigres.

174 1186 228 1224 Et
247 1187 464 1225 dubitamus
483 1188 606 1225 adhuc
626 1188 808 1225 virtutem
827 1187 1028 1225 extendere
1044 1184 1187 1225 factis?

172 1241 255 1277 Aut
273 1242 398 1277 metus
416 1241 586 1278 Ausonia
604 1254 648 1290 pr
650 1240 780 1278 ohibet
799 1240 1002 1277 consistere
1020 1240 1147 1277 terra.
1136 1238 1154 1267 Ῥ

172 1291 266 1338 Quis
285 1293 414 1342 procul
431 1293 494 1330 ille
512 1295 640 1330 autern
660 1292 773 1329 ramis
792 1292 950 1342 insignis
969 1291 1080 1329 olivae

173 1344 286 1382 Sacra
304 1344 458 1383 ferens?
513 1346 641 1383 Nosco
661 1345 780 1383 crines
799 1343 1005 1395 incanaque
1024 1346 1154 1383 menta
1359 1345 1437 1382 810

173 1397 292 1448 Regis
313 1397 488 1445 Romani,
499 1399 661 1448 primam
675 1397 741 1445 qui
753 1397 900 1448 legibus
918 1397 1051 1435 urbem

175 1450 383 1497 Fundabit‚
404 1450 568 1488 Curibus
586 1450 711 1500 parvis
730 1452 770 1488 et
788 1463 950 1500 paupere
968 1451 1071 1487 terra

174 1502 316 1540 Missus
335 1503 376 1540 in
393 1503 593 1553 imperium
612 1516 805 1553 magnum.
862 1502 934 1540 Oui
952 1502 1086 1541 deinde
1104 1500 1259 1550 subibit,

173 1554 265 1593 Otia
283 1555 347 1605 qui
366 1558 518 1605 rumpet
536 1556 668 1605 patriae
698 1556 910 1605 iesidesque
928 1555 1097 1593 movebit

173 1607 335 1646 Tullus
325 1622 366 1645 111
384 1621 488 1645 arma
505 1608 604 1645 viios
635 1608 702 1645 et
688 1621 769 1658 Jam
788 1608 943 1645 desueta
959 1607 1165 1657 triumphis
1362 1607 1439 1645 815

174 1660 351 1710 Agmina.
406 1661 529 1720 Quem
541 1660 654 1710 juxta
672 1660 841 1710 sequitur
853 1660 1060 1710 jactantior
1078 1660 1219 1706 Ancus,

174 1712 289 1750 Nunc
308 1726 455 1762 quoque
468 1713 550 1763 jam
567 1712 728 1749 nimium
745 1712 914 1762 gaudens
932 1711 1175 1762 popularibus
1194 1689 1305 1750 duris.

175 1763 242 1802 Vis
262 1767 301 1802 et
320 1765 544 1815 Tarquinios
563 1777 669 1814 reges
701 1765 938 1814 animamque
957 1765 1156 1814 superbam

176 1814 322 1855 Ultoris
341 1817 468 1863 Bruti,
486 1817 677 1866 fascesque
695 1817 820 1855 Videre
838 1818 1008 1867 receptos
1023 1816 1041 1855 Ρ

175 1869 349 1907 Consulis
368 1869 569 1919 imperium
586 1869 649 1906 hic
666 1869 809 1919 primus
828 1881 1023 1920 saevasque
1041 1882 1188 1908 secures
1363 1869 1442 1906 820

175 1922 360 1972 Accipiet,
401 1923 585 1971 natosque
603 1924 711 1971 pater
739 1935 838 1959 nova
854 1921 953 1959 bella
969 1924 1166 1961 moventes

176 1974 238 2012 Ad
255 1987 407 2024 poenam
424 1974 582 2024 pulchra
598 1987 666 2023 pro
683 1974 858 2012 libertate
876 1974 1040 2021 vocabit,

177 2025 335 2065 Infelix!
363 2027 583 2076 Utcumque
602 2026 724 2064 ferent
742 2039 786 2064 ea
802 2027 904 2064 facta
919 2027 1096 2074 minores,

178 2075 314 2117 Vincet
333 2092 437 2117 amor
455 2079 587 2129 patriae
604 2078 861 2129 laudumque
850 2092 1036 2117 immensa
1053 2055 1204 2129 cupido.

174 2131 277 2177 Quin
295 2131 433 2169 Decios
464 2131 684 2181 Drusosque
701 2131 830 2192 procul
861 2144 1102 2183 saevumque
1093 2131 1215 2169 securi
1365 2128 1442 2168 825

173 2184 313 2233 Aspice
331 2183 571 2234 Torquatum
600 2186 640 2221 et
657 2173 882 2222 referentem
899 2171 1010 2245 signa
1027 2171 1244 2222 Camillum.

175 2234 261 2274 111ae
278 2237 421 2286 autem,
437 2236 591 2288 paribus
607 2249 701 2287 quas
717 2236 863 2288 fulgere
879 2248 1002 2276 cernis
1017 2236 1060 2276 in
1076 2235 1203 2286 armis,
