1559 2387
541 75 733 108 mm
749 77 834 108 m.
851 77 882 108 11

88 171 200 211 Solve
217 172 365 219 metus3
390 170 487 210 feret
503 170 585 210 hoee
601 170 767 223 aliquam
783 171 857 210 tibi
873 171 974 210 fama
990 171 1190 212 salutem.”

88 225 149 262 Sic
167 224 234 272 ait,
252 226 366 274 atque
384 224 552 262 animum
569 223 718 274 pictura
735 224 857 274 pascit
874 224 990 272 inani,

88 277 216 315 Multa
233 289 398 327 gemens,
416 276 595 327 largoque
612 276 809 315 humectat
827 277 982 315 flumine
1001 277 1162 318 vultum.
1267 277 1345 316 465

87 329 129 367 N
130 343 264 379 amque
281 329 445 375 videbat,
464 329 524 366 uti
541 328 725 367 bellantes
744 329 931 379 Pergama
948 330 1089 371 circum

88 381 175 419 Hac
192 382 367 432 fugerent
385 381 502 428 Graii,
520 383 707 431 premeret
726 381 889 431 Trojana
901 382 1083 432 juventus
1097 399 1106 429 ;

87 433 174 471 Hac
193 433 379 484 Phryges,
415 434 576 472 instaret
594 447 706 471 curru
724 434 902 471 cristatus
921 434 1099 474 Achilles.

86 486 170 524 Nee
187 486 317 536 procul
334 486 423 523 hinc
441 486 561 524 Rhesi
578 486 696 523 niveis
715 487 881 524 tentoria
898 487 990 524 velis

86 539 273 589 Agnoscit
289 538 498 585 lacrimans,
517 539 638 588 primo
657 552 738 588 quae
757 539 907 588 prodita
925 552 1056 577 somno
1268 539 1318 578 47
1321 541 1347 577 0

86 590 251 641 Tydides
269 590 391 628 multa
407 592 582 628 vastabat
601 592 700 628 eaede
718 593 908 637 cruentus,

85 643 347 693 Ardentesque
365 644 503 681 avertit
522 656 635 693 equos
653 643 693 680 in
712 645 845 690 castra,
863 643 966 693 prius
986 656 1098 693 quarn

85 694 231 733 Pabula
248 690 465 746 gustassem
483 696 605 746 Trojae
624 695 897 745 Xanthumque
914 696 1108 735 bibissent.

85 747 202 786 Parte
219 748 291 785 alia
308 748 456 798 fugiens
474 748 619 785 amissis
638 748 787 785 Troilus
806 749 931 794 armis,

86 798 226 838 Infelix
243 813 335 850 puer
365 803 477 849 atque
495 800 616 850 impar
634 813 854 850 congressus
873 800 1026 847 Achilli,
1267 801 1345 839 475

87 851 227 890 Fertur
244 853 359 903 equis,
379 866 563 902 curruque
580 853 704 890 haeret
721 853 918 902 resupinus
935 853 1052 899 inani,

86 904 187 943 Lora
203 907 336 943 tenens
354 907 483 942 tamen
500 921 507 942 :
536 905 624 942 huic
643 904 840 954 cervixque
859 918 1048 955 eomaeque
1065 905 1272 944 trahuntur

86 957 161 995 Per
177 959 330 1004 terram,
349 960 388 995 et
406 971 512 995 versa
529 957 652 1007 pulvis
670 957 889 994 inscribitur
906 958 1029 995 hasta.

85 1009 238 1047 Interea
255 1010 303 1047 ad
320 1010 505 1059 templum
523 1023 600 1047 non
618 1022 732 1058 aequae
752 1009 916 1046 Palladis
934 1010 1042 1047 ibant

89 1061 264 1099 Crinibus
283 1062 421 1099 Iliades
439 1062 568 1111 passis,
587 1062 814 1111 peplumque
832 1062 1003 1110 ferebant
1265 1063 1346 1100 480

85 1114 312 1164 Suppliciter
329 1113 459 1151 tristes
479 1117 518 1152 et
535 1116 659 1152 tunsae
676 1116 830 1164 pectora
846 1114 981 1163 palmis
995 1130 1005 1163 ς

85 1166 187 1204 Diva
204 1167 282 1204 solo
301 1166 394 1203 fixos
413 1167 539 1204 oculos
558 1179 687 1203 aversa
703 1166 870 1203 tenebat.

85 1218 160 1256 Ter
178 1219 318 1256 circum
337 1218 472 1256 Iliacos
491 1220 706 1268 raptaverat
724 1217 896 1255 Hectora
913 1231 1053 1264 muros,

85 1270 388 1320 Exanimumque
407 1284 496 1308 auro
515 1284 647 1320 corpus
666 1270 853 1308 vendebat
872 1270 1051 1308 Achilles.

86 1322 187 1360 Tum
205 1336 293 1361 vero
311 1323 505 1373 ingentem
525 1323 711 1373 gemitum
729 1322 796 1359 dat
813 1325 964 1372 pectore
982 1323 1029 1360 ab
1046 1322 1136 1370 imo,
1267 1325 1344 1362 485

85 1373 144 1412 Ut
162 1375 290 1425 spolia,
308 1377 353 1412 ut
372 1388 512 1421 currus,
531 1377 648 1424 utque
666 1375 791 1424 ipsum
810 1388 942 1424 corpus
961 1375 1072 1413 amici

86 1427 393 1477 Tendentemque
411 1441 544 1465 manus
563 1427 759 1464 Priamum
777 1427 972 1476 conspexit
989 1427 1161 1465 inermes.

86 1479 134 1517 Se
152 1493 298 1530 quoque
315 1479 545 1529 principibus
563 1480 793 1529 permixtum
811 1479 968 1528 agnovit
986 1480 1157 1529 Achivis,

85 1531 261 1582 ansque
279 1532 373 1569 acies
392 1534 432 1569 et
450 1532 550 1582 nigri
568 1531 784 1569 Memnonis
804 1544 919 1568 arma.

86 1582 207 1621 Ducit
224 1584 500 1622 Amazonidum
517 1584 657 1621 lunatis
676 1583 828 1633 agmina
845 1583 957 1632 peltis
1267 1585 1345 1623 490

86 1635 327 1674 Penthesilea
344 1637 483 1683 furens,
501 1637 707 1685 mediisque
725 1636 765 1672 in
783 1636 949 1673 millibus
968 1636 1088 1679 ardet,

87 1688 213 1726 Aurea
230 1689 453 1726 subnectens
472 1690 626 1726 exsertae
645 1687 796 1737 cingula
811 1700 997 1735 mammae,

88 1739 282 1786 Bellatrix,
303 1740 488 1790 audetque
506 1741 596 1777 viris
614 1752 832 1778 concurrere
848 1739 968 1790 virgo.

33 1813 49 1819 =
139 1791 236 1829 Haec
255 1792 346 1829 dum
364 1792 556 1830 Dardanio
575 1792 704 1829 AEneae
722 1791 892 1829 miranda
908 1791 1097 1837 videntur,

87 1843 194 1881 Dum
211 1846 341 1893 stupet
371 1845 582 1894 obtutuque
600 1844 718 1881 haeret
737 1844 879 1881 defixus
897 1844 938 1881 in
954 1857 1042 1890 uno,
1268 1844 1344 1882 495

88 1895 238 1945 Regina
256 1896 303 1934 ad
319 1897 517 1946 templum,
536 1897 656 1933 forma
673 1896 924 1945 pulcherrima
941 1895 1055 1943 Dido,

88 1946 263 1994 Incessit,
282 1961 420 1998 magna
432 1948 617 1998 juvenum
635 1949 801 1998 stipante
819 1950 979 1986 caterva.

89 1999 219 2046 Qualis
236 2000 277 2037 in
295 2000 451 2038 Eurotae
468 2001 570 2050 ripis,
589 2002 656 2037 aut
673 2013 739 2050 per
751 2000 846 2050 juga
864 2000 1012 2050 Cynthi

88 2049 253 2089 Exercet
270 2051 395 2089 Diana
413 2052 556 2099 choros,
575 2065 689 2102 quam
705 2052 810 2090 mille
827 2055 966 2091 secutae

90 2102 196 2140 Hinc
214 2105 327 2153 atque
343 2104 433 2141 hinc
451 2104 709 2154 glomerantur
727 2104 910 2143 Oreades:
938 2104 1004 2142 ffla
1020 2103 1236 2155 pharetram
1267 2105 1346 2144 500

91 2153 187 2192 Fert
203 2155 372 2202 humero,
391 2157 637 2206 gradiensque
656 2157 742 2195 deas
760 2157 1012 2207 supereminet
1030 2170 1182 2205 omnes3

92 2205 251 2250 Latonae
268 2207 430 2249 tacitum
447 2210 668 2262 pertentant
686 2209 824 2260 gaudia
838 2211 995 2262 pectuffi
