1559 2387
562 68 750 98 AENEIDOS
769 68 852 97 LIB.
871 69 938 98 111.

122 161 302 200 Tendunt
319 159 403 199 vela
419 160 523 199 noti:
551 160 707 198 ferimur
724 160 986 211 spumantibus
1004 160 1130 211 undis,

122 215 207 261 Qua.
225 227 376 252 cursum
393 215 603 263 ventusque
622 214 924 263 gubernatorque
941 214 1114 254 vocabat.

122 266 151 304 J
152 280 214 304 am
231 267 354 304 medio
373 267 526 316 apparet
543 265 664 303 fluctu
681 278 877 303 nemorosa
895 266 1110 316 Zacynthos

122 318 416 368 Dulichiumque
446 318 628 367 Sameque
658 320 698 356 et
716 318 872 355 Neritos
892 318 1009 356 ardua
1024 317 1134 357 saxis.

120 370 338 421 Effugimus
356 370 526 420 scopulos
544 370 700 417 Ithacae,
719 369 872 407 Laertia
888 383 1016 419 regna,

121 423 177 460 Et
194 425 335 461 terram
353 423 522 460 altricem
541 422 628 459 saevi
646 435 881 460 exsecramur
899 422 1017 460 Ulixi.

120 475 216 513 Mox
233 477 273 513 et
292 475 467 513 Leucatae
484 475 656 513 nimbosa
673 474 866 512 cacumina
882 474 1025 512 montis

121 527 176 565 Et
194 527 418 565 formidatus
435 527 562 564 nautis
581 527 746 577 aperitur
763 526 913 576 Apollo.

120 579 238 617 Hunc
256 579 420 630 petimus
439 579 536 625 fessi,
556 581 595 617 et
612 592 735 629 parvae
754 579 986 616 succedimus
1004 577 1112 616 urbi:

120 632 271 669 Ancora
288 632 334 669 de
351 644 462 681 prora
474 631 625 681 jacitur,
663 633 769 668 stant
787 631 897 668 litore
915 643 1071 680 puppes.

172 686 194 703 ‘⁴
206 684 312 734 Ergo
330 684 518 733 insperata
534 685 689 720 tandem
707 682 840 720 tellure
858 683 974 732 potiti

120 736 418 785 Lustramurque
437 735 464 772 J
466 736 538 781 ovi,
556 735 728 784 votisque
746 735 980 772 incendimus
999 746 1102 782 aras;

120 788 305 837 Actiaque
323 788 448 825 Iliacis
467 788 694 825 celebramus
712 787 824 824 litora
840 787 950 825 ludis.

120 840 309 881 Exercent
326 840 466 890 patrias
485 839 566 877 oleo
583 839 733 877 labente
751 839 942 888 palaestras

121 892 269 930 Nudati
295 894 411 932 socii:
437 894 549 941 juvat
582 892 739 929 evasisse
757 893 819 928 tot
836 891 947 928 urbes

121 944 315 994 Argolicas
347 944 561 993 mediosque
578 944 708 993 fugam
725 943 892 980 tenuisse
909 956 976 993 per
993 942 1134 983 hostes.

121 997 273 1033 Interea
290 1009 473 1046 magnum
492 996 547 1032 sol
565 995 873 1033 circumvolvitur
891 1008 1044 1042 annum,

122 1049 176 1085 Et
194 1048 359 1098 glacialis
377 1048 497 1085 hiems
516 1048 751 1097 aquilonibus
770 1049 916 1096 asperat
934 1048 1074 1093 undas;

123 1100 211 1137 AEre
230 1113 320 1137 cavo
339 1100 509 1149 clipeum,
529 1099 658 1149 magni
676 1101 871 1149 gestamen
889 1100 1065 1145 Abantis,

122 1152 301 1189 Postibus
320 1152 482 1189 adversis
501 1152 588 1201 figo,
608 1153 647 1188 et
665 1164 745 1188 rem
764 1151 926 1188 carmine
944 1152 1076 1200 signo:

122 1204 276 1241 AENEAS
297 1215 388 1241 ΗΕΘ
408 1215 461 1241 DE
480 1203 644 1240 DANArs
663 1214 912 1240 vroromssus
931 1214 1062 1240 ARMA.

122 1256 310 1306 Linquere
328 1258 414 1293 tum
431 1257 562 1305 portus
576 1255 690 1305 jubeo
721 1257 760 1292 et
779 1255 969 1293 considere
986 1254 1175 1294 transtris.

120 1307 308 1346 Certatim
327 1308 417 1345 socii
434 1308 576 1345 feriunt
594 1320 695 1344 mare
725 1308 765 1345 et
783 1320 932 1356 aequora
948 1309 1117 1346 verrunt.

124 1360 310 1398 Protenus
329 1360 447 1398 aerias
466 1360 668 1397 Phaeacum
687 1359 949 1397 abscondimus
967 1372 1081 1408 arces,

124 1412 328 1462 Litoraque
347 1412 456 1462 Epiri
473 1412 645 1462 legimus,
664 1414 850 1461 portuque
868 1412 1038 1449 subimus

124 1464 303 1512 Chaonio,
323 1466 362 1503 et
381 1465 517 1502 celsam
536 1464 722 1501 Buthroti
740 1464 949 1502 accedimus
967 1464 1110 1502 urbem.

176 1519 197 1536 “
213 1517 291 1554 Hic
310 1513 536 1554 incredibilis
554 1529 680 1553 rerum
697 1516 797 1553 fama
814 1518 974 1566 occupat
992 1529 1112 1564 aures,

124 1568 339 1607 Priamiden
359 1568 552 1606 Helenum
571 1568 703 1605 Graias
721 1581 877 1618 regnare
894 1581 961 1618 per
978 1569 1100 1615 urbes,

124 1620 309 1671 Conjugio
328 1620 491 1658 AEacidae
510 1620 650 1670 Pyrrhi
669 1620 898 1670 sceptrisque
915 1619 1097 1669 potitum,

124 1673 180 1710 Et
197 1673 320 1722 patrio
339 1671 629 1710 Andromachen
646 1672 787 1709 iterum
805 1671 957 1709 cessisse
975 1672 1126 1711 marito.

125 1724 326 1774 Obstupui,
363 1724 531 1772 miroque
548 1724 743 1761 incensum
760 1725 893 1772 pectus
911 1736 1038 1761 amore

125 1776 357 1827 Compellare
374 1776 499 1813 virum
528 1778 568 1813 et
586 1788 692 1812 casus
710 1788 932 1824 cognoscere
949 1777 1091 1814 tantos.

125 1828 350 1879 Progredior
368 1830 492 1877 portu,
511 1827 645 1864 classes
664 1829 703 1864 et
720 1827 834 1864 litora
850 1827 1048 1876 linquens3

125 1880 322 1919 sollemnes
335 1893 452 1929 quum
469 1880 567 1917 forte
585 1879 697 1928 dapes
715 1881 755 1916 et
772 1879 900 1916 tristia
916 1880 1015 1917 dona

125 1934 230 1970 Ante
247 1933 380 1970 urbem
397 1932 438 1969 in
455 1932 539 1969 luco
570 1931 653 1968 falsi
672 1931 876 1969 Simoentis
895 1931 943 1969 ad
960 1932 1102 1969 undam

126 1985 289 2023 Libabat
307 1984 421 2022 cineri
439 1983 714 2029 Andromache,
731 1996 933 2033 manesque
950 1985 1111 2022 vocabat

126 2037 363 2075 Hectoreum
382 2036 430 2073 ad
446 2036 649 2082 tumulum,
667 2035 779 2072 viridi
797 2049 909 2086 quem
928 2037 1067 2086 cespite
1086 2037 1236 2076 inanem

127 2089 183 2126 Et
201 2089 380 2139 geminas,
400 2101 549 2126 causam
567 2087 741 2135 lacrimis,
759 2090 969 2126 sacraverat
988 2101 1081 2127 aras.

127 2141 186 2179 Ut
203 2154 264 2178 me
283 2141 476 2191 conspexit
493 2140 708 2178 venientem
737 2140 778 2177 et
796 2140 912 2178 Troia
930 2140 1071 2179 circum
1127 2172 1131 2173 γ

129 2193 246 2232 Arma
263 2206 392 2233 amens
408 2193 517 2244 vidit,
535 2190 684 2245 magnis
701 2192 881 2234 exterrita
897 2193 1077 2233 monstris

1298 266 1377 306 270

1299 524 1376 564 275

1298 787 1377 824 280

1298 1048 1376 1086 285

1300 1309 1379 1347 290

1300 1568 1379 1608 295

1302 1829 1381 1867 300

1303 2090 1381 2128 305
